
  
  
  
  
  
  
  
  
  
  
  
  
  
  
 
  
  <record xsi:schemaLocation="http://www.loc.gov/MARC21/slim http://www.loc.gov/standards/marcxml/schema/MARC21slim.xsd">
      <leader>00000cam a22     4a 4500</leader>
      <controlfield tag="FMT">BK</controlfield>
      <controlfield tag="LDR">00000cam a22     4a 4500</controlfield>
      <controlfield tag="001">004980555</controlfield>
      <controlfield tag="005">20170522101128.0</controlfield>
      <controlfield tag="008">170501s2008    sp abe   b    100 0 eng</controlfield>
      <datafield tag="010" ind1=" " ind2=" ">
         <subfield code="a">  2009480105</subfield>
      </datafield>
      <datafield tag="015" ind1=" " ind2=" ">
         <subfield code="a">MON0906</subfield>
      </datafield>
      <datafield tag="020" ind1=" " ind2=" ">
         <subfield code="a">9788483441404</subfield>
         <subfield code="q">(obra completa)</subfield>
      </datafield>
      <datafield tag="020" ind1=" " ind2=" ">
         <subfield code="a">8483441403</subfield>
         <subfield code="q">(obra completa)</subfield>
      </datafield>
      <datafield tag="020" ind1=" " ind2=" ">
         <subfield code="a">9788483441411</subfield>
         <subfield code="q">(v. 1)</subfield>
      </datafield>
      <datafield tag="020" ind1=" " ind2=" ">
         <subfield code="a">8483441411</subfield>
         <subfield code="q">(v. 1)</subfield>
      </datafield>
      <datafield tag="020" ind1=" " ind2=" ">
         <subfield code="a">9788483441428</subfield>
         <subfield code="q">(v. 2)</subfield>
      </datafield>
      <datafield tag="020" ind1=" " ind2=" ">
         <subfield code="a">848344142X</subfield>
         <subfield code="q">(v. 2)</subfield>
      </datafield>
      <datafield tag="020" ind1=" " ind2=" ">
         <subfield code="a">9788483441473</subfield>
         <subfield code="q">(v. 3)</subfield>
      </datafield>
      <datafield tag="020" ind1=" " ind2=" ">
         <subfield code="a">8483441470</subfield>
         <subfield code="q">(v. 3)</subfield>
      </datafield>
      <datafield tag="035" ind1=" " ind2=" ">
         <subfield code="a">(OCoLC)434753035</subfield>
      </datafield>
      <datafield tag="040" ind1=" " ind2=" ">
         <subfield code="a">DLC</subfield>
         <subfield code="b">eng</subfield>
         <subfield code="c">DLC</subfield>
         <subfield code="d">BNM</subfield>
         <subfield code="d">TOZ</subfield>
         <subfield code="d">CGU</subfield>
         <subfield code="d">ZCU</subfield>
         <subfield code="d">PL#</subfield>
         <subfield code="d">I5B</subfield>
         <subfield code="d">OCLCF</subfield>
         <subfield code="d">CHVBK</subfield>
         <subfield code="d">OCLCO</subfield>
         <subfield code="d">OCL</subfield>
         <subfield code="d">OCLCO</subfield>
         <subfield code="d">OCLCQ</subfield>
         <subfield code="d">OCLCO</subfield>
      </datafield>
      <datafield tag="041" ind1="0" ind2=" ">
         <subfield code="a">eng</subfield>
         <subfield code="a">fre</subfield>
         <subfield code="a">ita</subfield>
         <subfield code="a">spa</subfield>
         <subfield code="a">ger</subfield>
      </datafield>
      <datafield tag="042" ind1=" " ind2=" ">
         <subfield code="a">pcc</subfield>
      </datafield>
      <datafield tag="043" ind1=" " ind2=" ">
         <subfield code="a">aw-----</subfield>
      </datafield>
      <datafield tag="045" ind1=" " ind2=" ">
         <subfield code="a">b0d3</subfield>
      </datafield>
      <datafield tag="050" ind1=" " ind2="4">
         <subfield code="a">DS56</subfield>
         <subfield code="b">.I56 2006</subfield>
      </datafield>
      <datafield tag="050" ind1="0" ind2="0">
         <subfield code="a">DS56</subfield>
         <subfield code="b">.I56 2006b</subfield>
      </datafield>
      <datafield tag="079" ind1=" " ind2=" ">
         <subfield code="a">(OCoLC)434753035</subfield>
      </datafield>
      <datafield tag="080" ind1=" " ind2=" ">
         <subfield code="a">903(5-15)(063)</subfield>
      </datafield>
      <datafield tag="080" ind1=" " ind2=" ">
         <subfield code="a">904(5-15)(063)</subfield>
      </datafield>
      <datafield tag="080" ind1=" " ind2=" ">
         <subfield code="a">7.032(5-15)(063)</subfield>
      </datafield>
      <datafield tag="082" ind1="0" ind2="4">
         <subfield code="a">935</subfield>
         <subfield code="2">21</subfield>
      </datafield>
      <datafield tag="111" ind1="2" ind2=" ">
         <subfield code="a">International Congress on the Archaeology of the Ancient Near East</subfield>
         <subfield code="n">(5th :</subfield>
         <subfield code="d">2006 :</subfield>
         <subfield code="c">Madrid, Spain)</subfield>
      </datafield>
      <datafield tag="245" ind1="1" ind2="0">
         <subfield code="a">Proceedings of the 5th International Congress on the Archaeology of the Ancient Near East :</subfield>
         <subfield code="b">Madrid, April 3-8, 2006 /</subfield>
         <subfield code="c">edited by Joaquín Ma. Córdoba [and others] = Actas del V Congreso Internacional de Arqueología del Oriente Próximo Antiguo : Madrid, 3 a 8 de abril de 2006 / Joaquín Ma. Córdoba [and others], editores.</subfield>
      </datafield>
      <datafield tag="246" ind1="3" ind2="1">
         <subfield code="a">Actas del V Congreso Internacional de Arqueología del Oriente Próximo Antiguo</subfield>
      </datafield>
      <datafield tag="264" ind1=" " ind2="1">
         <subfield code="a">Madrid :</subfield>
         <subfield code="b">Ediciones Universidad Autónoma de Madrid :</subfield>
         <subfield code="b">Centro Superior de Estudios sobre el Oriente Próximo y Egipto,</subfield>
         <subfield code="c">2008.</subfield>
      </datafield>
      <datafield tag="300" ind1=" " ind2=" ">
         <subfield code="a">3 volumes :</subfield>
         <subfield code="b">illustrations, maps, plans ;</subfield>
         <subfield code="c">24 cm.</subfield>
      </datafield>
      <datafield tag="336" ind1=" " ind2=" ">
         <subfield code="a">text</subfield>
         <subfield code="b">txt</subfield>
         <subfield code="2">rdacontent</subfield>
      </datafield>
      <datafield tag="337" ind1=" " ind2=" ">
         <subfield code="a">unmediated</subfield>
         <subfield code="b">n</subfield>
         <subfield code="2">rdamedia</subfield>
      </datafield>
      <datafield tag="338" ind1=" " ind2=" ">
         <subfield code="a">volume</subfield>
         <subfield code="b">nc</subfield>
         <subfield code="2">rdacarrier</subfield>
      </datafield>
      <datafield tag="490" ind1="1" ind2=" ">
         <subfield code="a">Colección Actas</subfield>
      </datafield>
      <datafield tag="546" ind1=" " ind2=" ">
         <subfield code="a">Papers in English, French, Italian, Spanish and German.</subfield>
      </datafield>
      <datafield tag="504" ind1=" " ind2=" ">
         <subfield code="a">Includes bibliographical references.</subfield>
      </datafield>
      <datafield tag="505" ind1="0" ind2="0">
         <subfield code="g">Vol. I.</subfield>
         <subfield code="t">Prólogo /</subfield>
         <subfield code="r">Á. Gabilondo --</subfield>
         <subfield code="t">Opening Speech /</subfield>
         <subfield code="r">P. Matthiae --</subfield>
         <subfield code="t">Bienvenida /</subfield>
         <subfield code="r">J. Ma. Córdoba, M. Molist, Ma. C. Pérez, I. Rubio, S. Martínez.</subfield>
         <subfield code="t">Opening Lectures to Main Themes =</subfield>
         <subfield code="t">Apertura de las sesiones temáticas.</subfield>
         <subfield code="t">Considérations sur l'histoire de l'archeólogie, ses origines et son développement actuel /</subfield>
         <subfield code="r">N. Chevalier --</subfield>
         <subfield code="t">Arts, crafts and the state: a dialectic process /</subfield>
         <subfield code="r">S. Mazzoni.</subfield>
         <subfield code="t">Papers and Posters =</subfield>
         <subfield code="t">Comunicaciones y pósters.</subfield>
         <subfield code="t">Territoire et paysage dans la province romaine de la Syrie : La centuriatio d'Emesa (Homs) /</subfield>
         <subfield code="r">M. Abdulkarim, O. Olesti-Vila --</subfield>
         <subfield code="t">Astragalus bone in ancient Near East: ritual depositions in Iron Age in Tell Afis /</subfield>
         <subfield code="r">G. Affani --</subfield>
         <subfield code="t">Egyptian and egyptianizing stone vessels from the royal tomb and palace at Tell Misrife/Qatna (Syria): imports and local imitations /</subfield>
         <subfield code="r">A. Ahrens --</subfield>
         <subfield code="t">The neolithization process in Azerbaijan: an introduction to review /</subfield>
         <subfield code="r">B. Ajorloo --</subfield>
         <subfield code="t">From the analysis of the archaeological context to the life of a community : "Ethnographic" remarks on the Arslantepe VIB2 village /</subfield>
         <subfield code="r">C. Alvaro, C. Lemorini, G. Palumbi, P. Piccione --</subfield>
         <subfield code="t">Towards understanding religious character of Tell Hazna 1 oval /</subfield>
         <subfield code="r">Sh.N. Amirov --</subfield>
         <subfield code="t">The megalithic necropolises in the Homs Gap (Syria): A preliminary approach /</subfield>
         <subfield code="r">Á. Armendáriz, L. Teira, M. Al-Maqdissi, M. Haïdar-Boustani, J.J. Ibáñez, J. González Urquijo --</subfield>
         <subfield code="t">Akpinar /</subfield>
         <subfield code="r">A.Arroyo --</subfield>
         <subfield code="t">Un atelier de favrication de récipients en pierre à Khirokitia (néolithique précéramique récent, VIIe millénaire av. JC, Chypre) /</subfield>
         <subfield code="r">L. Astruc, O. Daune-Le Brun, A.L. Brun, F. Hourani --</subfield>
         <subfield code="t">Middle Bronze Khabur Ware from Tell Barri/Kahat /</subfield>
         <subfield code="r">G Baccelli, F. Manuelli --</subfield>
         <subfield code="t">Avaris and Memphis in the second intermediate period in Egypt (ca. 1770-1770-1550/40 BC) /</subfield>
         <subfield code="r">B. Bader --</subfield>
      </datafield>
      <datafield tag="505" ind1="8" ind2="0">
         <subfield code="t"/>
         <subfield code="t">Who locked the door? Fortification walls and city gates in middle Bronze Age inner Syria: Ebla and Tell Tuqan /</subfield>
         <subfield code="r">F. Baffi --</subfield>
         <subfield code="t">El aporte de los mapas y descripciones antiguas en el ensayo de reconstrucción de sitios arqueológicos, periferias y rutas (con uso del SIG) /</subfield>
         <subfield code="r">L. Barda --</subfield>
         <subfield code="t">A propos des installations dans la cour du Temple Ovale de Khafajah /</subfield>
         <subfield code="r">C.D. Bardeschi --</subfield>
         <subfield code="t">The stele of Tell Ashara: The neo-syrian perspective /</subfield>
         <subfield code="r">C. Bellino, A. Vallorani --</subfield>
         <subfield code="t">Iconographic representations from early Iron Age Philistia and their ethnic implications /</subfield>
         <subfield code="r">D. Ben-Shlomo --</subfield>
         <subfield code="t">Manifestaciones artísticas desde Oriente Próximo a Al-Andalus /</subfield>
         <subfield code="r">A.I. Beneyto Lozano --</subfield>
         <subfield code="t">The pottery from IA II-III levels of late Assyrian to post-Assyrian period in Tell Barri/Kahat /</subfield>
         <subfield code="r">L. Bombardieri, C. Farasassi --</subfield>
         <subfield code="t">The Kilamuwa relief: ethnicity, class and power in Iron Age north Syria /</subfield>
         <subfield code="r">B. Brown --</subfield>
         <subfield code="t">The late Chalcolithic settlement in the Leilan region of northeastern Syria: a preliminary assessment /</subfield>
         <subfield code="r">A. Brustolon, E. Rova --</subfield>
         <subfield code="t">Tell Afis: the walled acropolis (middle Bronze Age to Iron Age I): A work in progress /</subfield>
         <subfield code="r">S.M. Cecchini, G. Affanni, A. Di Michele --</subfield>
         <subfield code="t">From monument to town and country: integrated techniques of surveying at Tilmen Höyük in southeast Turkey /</subfield>
         <subfield code="r">B. Cerasetti, V. A. Girelli, G. Lugio, B. Rondelli, M. Zanfini --</subfield>
         <subfield code="t">Fouiller un palais assyrien au XIXe siècle: Victor Place à Khorsabad /</subfield>
         <subfield code="r">N. Chevalier --</subfield>
         <subfield code="t">Post-Assyrian pottery from the Italian excavations at Fort Shalmaneser, 1987-1990 /</subfield>
         <subfield code="r">L. Chiocchetti --</subfield>
         <subfield code="t">Estrategias de gestión de las materias primas de origen mineral en Tell Halula: primera aproximación /</subfield>
         <subfield code="r">X. Clop García --</subfield>
         <subfield code="t">A formalized approach to pottery typology: the case of some typical shapes from the late Bronze Age in northern Syria /</subfield>
         <subfield code="r">A. Colantoni, A. Gottarelli --</subfield>
         <subfield code="t">Arslantepe: The building sequence of the EB3 settlement /</subfield>
         <subfield code="r">A.M. Conti, C. Persiani --</subfield>
      </datafield>
      <datafield tag="505" ind1="8" ind2="0">
         <subfield code="t">Mitannian pottery from Tell Barri /</subfield>
         <subfield code="r">C. Coppini --</subfield>
         <subfield code="t">Informe preliminar sobre las últimas campañas en al Madam (2003-2006) /</subfield>
         <subfield code="r">J.Ma. Córdoba --</subfield>
         <subfield code="t">The atributes of Ishtar in old Syrian glyptic and the Mesopotamian literary tradition /</subfield>
         <subfield code="r">F. Cruciani --</subfield>
         <subfield code="t">Alternative ways for reading some female figurines from late prehistoric Mesopotamia and Iran /</subfield>
         <subfield code="r">A. Daems --</subfield>
         <subfield code="t">Between Mitannians and middle-Assyrians: changes and links in ceramic culture at Tell Barri and in Syrian Jazirah during the end of the 2nd millennium BC /</subfield>
         <subfield code="r">A. D'Agostino --</subfield>
         <subfield code="t">Archaeological works at Hirbemerdon Tepe (Turkey): A preliminary report or the first three seasons /</subfield>
         <subfield code="r">A. D'Agostino, S. Valenti, N. Laneri --</subfield>
         <subfield code="t">Walking on the Malatya plain (Turkey): preliminary remarks on Chalcolithic pottery and occupation: 2003-2005 archaeological survey project /</subfield>
         <subfield code="r">M.B. D'Anna, R. Laurito, A. Ricci --</subfield>
         <subfield code="t">A preliminary report on the 1995 Tell Leilan survey: the pottery from the hellenistic to the sasanian period /</subfield>
         <subfield code="r">I. de Aloe --</subfield>
         <subfield code="t">Cultural transformation and settlement system of southwestern Anatolia from neolithic to LBA: a case study from Denizili/Çivril plain /</subfield>
         <subfield code="r">F. Dedeoglu --</subfield>
         <subfield code="t">Early christianity in Iraq and the Gulf: a view from the architectural remains /</subfield>
         <subfield code="r">K. De Langhe --</subfield>
         <subfield code="t">Archaeological research and Corona: on the use, misuse and full potential of historical remote sensing data /</subfield>
         <subfield code="r">T. De Schacht, W. Gheyle, R. Gossens, A. de Wulf --</subfield>
         <subfield code="t">Life and society of the inhabitants of al Madam (UAE): Interdisciplinary study of an Iron Age village and its environment /</subfield>
         <subfield code="r">C. del Cerro --</subfield>
         <subfield code="t">Settlements, population and landscape on the upper Euphrates between V and II millennium BC: Results of the archaeological survey project 2003-2005 in the Malatya plain /</subfield>
         <subfield code="r">G.M. Di Nocera --</subfield>
      </datafield>
      <datafield tag="505" ind1="8" ind2="0">
         <subfield code="a">Dalle straordinarie avventure di Lady Hester Stanhope alla "Crociata" archaeologica di Butler: la politica "religiosa" dei viaggi delle esplorazioni scientifiche nella regione di Damasco tra XIX e XX secolo /</subfield>
         <subfield code="r">S. Di Paolo --</subfield>
         <subfield code="t">Considerations on the archaeological evidence from the early dynastic temple of Inanna at Nippur /</subfield>
         <subfield code="r">R. Dolce --</subfield>
         <subfield code="t">Status report on the early Bronze Age IV temple in area E at Tell Qarqur in the Orontes valley, Syria /</subfield>
         <subfield code="r">R.H. Dornemann --</subfield>
         <subfield code="t">Artesanos de lo rupestre en el alto Éufrates sirio durante la época romana /</subfield>
         <subfield code="r">A. Egea Vivancos --</subfield>
         <subfield code="t">Viajeros y primeras expediciones arqueológicas en Siria: Su contribución al redescubrimiento de Hierapolis y su entorno /</subfield>
         <subfield code="r">A. Egea Vivancos --</subfield>
         <subfield code="t">Fortified citadels in the early Bronze Age? New evidence from Tall Bazi (Syria) /</subfield>
         <subfield code="r">B. Einwag --</subfield>
         <subfield code="t">The Halaf ceramics in Sirnak area, Turkey /</subfield>
         <subfield code="t">M. Erdalkiran --</subfield>
         <subfield code="t">Babilonia y los españoles en el siglo XIX /</subfield>
         <subfield code="r">F. Escribano Martín --</subfield>
         <subfield code="t">Pottery of Garrangu style in Azarbaijan (Iran) /</subfield>
         <subfield code="r">M. Feizkhah --</subfield>
         <subfield code="t">Ceramic evidences from Bampur: a key site to reconstruct the cultural development in the Bampur valley (Iran) during the third millennium BC /</subfield>
         <subfield code="r">E. Felluca --</subfield>
         <subfield code="t">Under-floor burials in a middle Bronze Age domestic quarter at Tell Mardikh-Elba, Syria /</subfield>
         <subfield code="r">E. Felluca, S. Mogliazza.</subfield>
      </datafield>
      <datafield tag="505" ind1="8" ind2="0">
         <subfield code="g">Vol. II.</subfield>
         <subfield code="t">Recent excavations on the Ebla acropolis (Syria) /</subfield>
         <subfield code="r">S. Festuccia, M. Rossi --</subfield>
         <subfield code="t">Latest phases of Tell Mardikh-Ebla: area P south lower town /</subfield>
         <subfield code="r">S. Festuccia, M. Rossi --</subfield>
         <subfield code="t">Uruk architecture from abroad: some thoughts about Hassek Höyük /</subfield>
         <subfield code="r">J.-D. Forest and R. Vallet --</subfield>
         <subfield code="t">La géomatique au service des fouilles archéologiques: l'exemple de Tell 'Acharneh, en Syrie /</subfield>
         <subfield code="r">M. Fortin, L.-M. Loisier, J. Pouliot --</subfield>
         <subfield code="t">A new study of metal weapons from Byblos: preliminary work /</subfield>
         <subfield code="r">G. Gernez --</subfield>
         <subfield code="t">Pierced clay disks and late neolithic textile production /</subfield>
         <subfield code="r">K.T. Gibbs --</subfield>
         <subfield code="t">The dawn of a city: Surtepe Höyük excavations Birecik Dam area, eastern Turkey /</subfield>
         <subfield code="r">J. Gil Fuensanta, P. Charvàt, E.A. Crivelli --</subfield>
         <subfield code="t">Las producciones cerámicas del Halaf final en Siria: Tell Halula (valle del Éufrates) y Tell Chagar Bazar (valle del Khabur) /</subfield>
         <subfield code="r">A. Gómez Bach --</subfield>
         <subfield code="t">What weeds can tell us: archaeobotanical research in the Jordan valley /</subfield>
         <subfield code="r">E. Grootveld --</subfield>
         <subfield code="t">Khorsabad sculptured fragments /</subfield>
         <subfield code="r">E. Guralnick --</subfield>
         <subfield code="t">Living with the dead: Tell Tweini: middle Bronze Age tombs in an urban context /</subfield>
         <subfield code="r">H. Hameeuw, K. Vansteenhuyse, G. Jans, J. Bretschneider, K. Van Lerberghe --</subfield>
         <subfield code="t">Kharab Sayyar: the foundation of the early Bronze Age settlement /</subfield>
         <subfield code="r">R. Hempelmann --</subfield>
         <subfield code="t">Ritual and the collapse of Susa, ca 4000 BC /</subfield>
         <subfield code="r">F. Hole --</subfield>
         <subfield code="t">The Belgian excavations at al-Lahun (biblical Moab region), Jordan: Past and future /</subfield>
         <subfield code="r">D. Homès-Fredericq --</subfield>
         <subfield code="t">Archaeological survey in the Homs Gap (Syria): campaigns of 2004 and 2005 /</subfield>
         <subfield code="r">J.J. Ibáñez et al. --</subfield>
         <subfield code="t">El testimonio de Ambrogio Bembo y Joseph Guillaume Grelot sobre los restos arqueológicos iranios /</subfield>
         <subfield code="r">A. Invernizzi --</subfield>
         <subfield code="t">Pelusium, still Egyptian or maybe oriental town in the western Synai: Results of the last excavations on the Roman city /</subfield>
         <subfield code="r">K. Jakubiak --</subfield>
         <subfield code="t">The excavations of a post-hellenistic tomb at Dibba, UAE /</subfield>
         <subfield code="r">S.A. Jasim, E. Abbas --</subfield>
      </datafield>
      <datafield tag="505" ind1="8" ind2="0">
         <subfield code="t">A late Bronze Age jewelry mound from Tell Dayr 'Alla, Jordan /</subfield>
         <subfield code="r">Z.A. Kafafi --</subfield>
         <subfield code="t">Settling the steppe: Iron Age irrigation around Tell Deir 'Alla, Jordan valley /</subfield>
         <subfield code="r">E. Kaptijn --</subfield>
         <subfield code="t">New data from Grai Resh and Tell Khoshi (south-Sinjar, Iraq) collected in 2001 and 2002 /</subfield>
         <subfield code="r">C. Kepinski --</subfield>
         <subfield code="t">The site in Jabal Qarn Wu'l near Ḥiziaz in the region of Sanḥan (Yemen) /</subfield>
         <subfield code="r">A. Klein-Franke --</subfield>
         <subfield code="t">A new archaeological survey project in the south eastern Anatolia: report of the Cizre and Silopi region /</subfield>
         <subfield code="r">G. Kozbe --</subfield>
         <subfield code="t">Assyrian outpost at Tell Sabi Abyad: architecture, organisation of space and social structure of the late Bronze settlement /</subfield>
         <subfield code="r">P. Kurzawski --</subfield>
         <subfield code="t">Seal impressions on cretulae at Arslantepe: improving the methodological and interpretative references /</subfield>
         <subfield code="r">R. Laurito, C. Lemorini, E. Cristiani --</subfield>
         <subfield code="t">Clay figurines from Tell Ta'anek /</subfield>
         <subfield code="r">A.R. Lisella --</subfield>
         <subfield code="t">Kathleen M. Kenyon 1906-1978: A hundred years after her birth: The formative years of a female archaeologist: from socio-politics to the stratigraphical method and the radiocarbon revolution in archaeology /</subfield>
         <subfield code="r">M. Lönnqvist --</subfield>
         <subfield code="t">Crafting the head: the human body as art? /</subfield>
         <subfield code="r">K.O. Lorentz --</subfield>
         <subfield code="t">Jacques de Morgan et la question de l'origine de la métalurgie dans le Caucase /</subfield>
         <subfield code="r">C. Lorre --</subfield>
         <subfield code="t">From six to seven royal tombs: The documentation of the Deutsche Orient-Gesellschaft excavation at Assur (1903-1914): Possibilities and limits of its reexamination /</subfield>
         <subfield code="r">S. Lundström --</subfield>
         <subfield code="t">A preliminary report on the 2005 and 2006 excavations at Tilmen Höyük /</subfield>
         <subfield code="r">N. Marchetti --</subfield>
         <subfield code="t">The lower paleolithic site of Revadin Quarry, Israel /</subfield>
         <subfield code="r">O. Marder, I. Milevski, R. Rabinovich, O. Ackermann, R. Shahack-Gross, P. Fine --</subfield>
         <subfield code="t">An example of the survival of ancient Mesopotamian architectonical traditions in northern Jazireh during the Hellenistic period /</subfield>
         <subfield code="r">R. Martín Galán --</subfield>
      </datafield>
      <datafield tag="505" ind1="8" ind2="0">
         <subfield code="t">Oriental antiquities and international conflicts: A Portuguese episode during the 1st World War /</subfield>
         <subfield code="r">A.C. Martins --</subfield>
         <subfield code="t">Hellenistic human and animal sacrifices in central Anatolia: examples from Kaman-Kalehöyük /</subfield>
         <subfield code="r">K. Matsumura --</subfield>
         <subfield code="t">The Temple of the rock of early Bronze IV A-B at Ebla: structure, chronology, continuity /</subfield>
         <subfield code="r">P. Matthiae --</subfield>
         <subfield code="t">The course of the images: remarks on the architectural reconstructions in the 19th and 20th centuries: the case of the Ziqqurrat /</subfield>
         <subfield code="r">M.G. Micale --</subfield>
         <subfield code="t">New discoveries of the Ca' Foscari university-Venice team at Tell Beydar (Syria) /</subfield>
         <subfield code="r">L. Milano, Elena Rova --</subfield>
         <subfield code="t">Between Lachish and Tell Erani: Horvat Ptora, a new late prehistoric site in the southern Levant /</subfield>
         <subfield code="r">I. Milevski, Y. Baumgarten --</subfield>
         <subfield code="t">La tombe 1 de Ra's al-Jinz RJ-1: une approche de la complexité des pratiques funéraires dans la peninsule d'Oman à l'âge du Bronze ancien /</subfield>
         <subfield code="r">O. Muñoz, S. Cleuziou --</subfield>
         <subfield code="t">Tell es-Sultan/Jericho from village to town: a reassessment of the early Bronze Age I settlement and necropolis /</subfield>
         <subfield code="r">L. Nigro --</subfield>
         <subfield code="t">Preliminary report of the first season of excavation of Rome "La Sapienza" University at Khirbet al-Batrawy (upper Wadi az-Zarqa, Jordan) /</subfield>
         <subfield code="r">L. Nigro --</subfield>
         <subfield code="t">Preliminary results of the salvage excavations at Salat Tepe in the upper Tigris region /</subfield>
         <subfield code="r">A.T. Ökse --</subfield>
         <subfield code="t">Between continuity and transformation: the late 3rd millennium BC ceramic sequence from Tell Barri (Syria) /</subfield>
         <subfield code="r">V. Orsi --</subfield>
         <subfield code="t">Organization of late Bronze Age cities in the upper syrian Euphrates valley /</subfield>
         <subfield code="r">A. Otto --</subfield>
         <subfield code="t">Musular: the special activity site in central Anatolia, Turkey /</subfield>
         <subfield code="r">M. Özbaşaran --</subfield>
         <subfield code="t">The Assur-project: An old excavation newly analysed /</subfield>
         <subfield code="r">F. Pedde --</subfield>
         <subfield code="t">Chemical analysis and time/space distribution of EB2-3 pottery at Arslantepe (Malatya, Turkey) /</subfield>
         <subfield code="r">C. Persiani --</subfield>
         <subfield code="t">Late Iron Age levels at Tell Damieh: new excavations results from the Jordan valley /</subfield>
         <subfield code="r">L.P. Petit --</subfield>
      </datafield>
      <datafield tag="505" ind1="8" ind2="0">
         <subfield code="t">Making images of humans and animals: the clay figurines from the royal palace G at Tell Mardikh-Ebla, Syria (EB IVA, c. 2400-2300 BC) /</subfield>
         <subfield code="r">L. Peyronel --</subfield>
         <subfield code="t">Walking in the Malatya plain (Turkey): the first half of the III millennium BC (EBA I and II): Some preliminary remarks on the results of the 2003-2005 archaeological survey project /</subfield>
         <subfield code="r">P. Piccione.</subfield>
      </datafield>
      <datafield tag="505" ind1="8" ind2="0">
         <subfield code="g">Vol. III.</subfield>
         <subfield code="t">Artistic genres in early Syrian Syria: Image and ideology of power in a great pre-Classical urban civilisation in its formative phases /</subfield>
         <subfield code="r">F. Pinnock --</subfield>
         <subfield code="t">EB I settlements and environment in the Wadi az-Zarqa dolmens and ideology of death /</subfield>
         <subfield code="r">A. Polcaro --</subfield>
         <subfield code="t">The Neoassyrian residences of Tell Shekh Hamad, Syria /</subfield>
         <subfield code="r">M. Pucci --</subfield>
         <subfield code="t">La tabula "Chigi": un riflesso delle conquiste romane in Oriente /</subfield>
         <subfield code="r">P. Puppo --</subfield>
         <subfield code="t">Agricultural decision-making in the Bronze Age Near East: the development of archaeobotanical crop plant assemblages in relation to climate change /</subfield>
         <subfield code="r">S. Riehl --</subfield>
         <subfield code="t">Technical aspects of carving Iron Age decorative cosmetic palettes in the southern Levant /</subfield>
         <subfield code="r">A. Rochman-Halperin --</subfield>
         <subfield code="t">Tell Deinit-Syria MEDA project n. 15 (2002-2004): Restoration training programs /</subfield>
         <subfield code="r">M. Rossi --</subfield>
         <subfield code="t">Khirbet Kerak ware from Tell es-Sultan/ancient Jericho: a reassessment in the light of the finds of the Italian-Palestinian expedition (1997-2000) /</subfield>
         <subfield code="r">M. Sala --</subfield>
         <subfield code="t">New insights into Nabataean funerary practices /</subfield>
         <subfield code="r">S.G. Schmid, A. Amour, A. Barmasse, S. Suchesne, C. Huguenot, L. Wadeson --</subfield>
         <subfield code="t">Distribution of Nabataean-Roman sites around Jabal Harûn: analysis of factors causing site patterning /</subfield>
         <subfield code="r">S. Silovaen, P. Kouki, M. Lavento, A. Mukkala, H. Ynnilä --</subfield>
         <subfield code="t">The southern temple of Tell el-Husn/Beth-Shean: the sacred architecture of Iron Age Palestine reconsidered /</subfield>
         <subfield code="r">G. Spreafico --</subfield>
         <subfield code="t">Use of space in Shuruppak: households on display /</subfield>
         <subfield code="r">M.T. Starzmann --</subfield>
         <subfield code="t">Funerary monuments of agro-pastoral populations on the Leja (southern Syria) /</subfield>
         <subfield code="r">T. Steimer-Herbert, H. Criaud --</subfield>
         <subfield code="t">Kassitische Siegel aus stratifizierten Grabungen /</subfield>
         <subfield code="r">G. Stiehler-Alegría --</subfield>
         <subfield code="t">The early Bronze I pottery from al-Lahun in central Jordan: seal impressions andpotter's marks /</subfield>
         <subfield code="r">I.M. Swinnen --</subfield>
         <subfield code="t">The late neolithic pottery tradition of southeastern Anatolia and its vicinity /</subfield>
         <subfield code="r">H. Tekin --</subfield>
         <subfield code="t">Hakemi use: a newly established site dating</subfield>
      </datafield>
      <datafield tag="505" ind1="8" ind2="0">
         <subfield code="t">Hakemi use: a newly established site dating to the Hassuna/Samarra period in southeastern Anatolia /</subfield>
         <subfield code="r">H. Tekin --</subfield>
         <subfield code="t">The ebb and flow of empires: Afghanistan and neighbouring lands in the twelfth-thirteenth centuries /</subfield>
         <subfield code="r">D. Thomas --</subfield>
         <subfield code="t">Beyond style: petrographic analysis of Dalma ceramics in two regions of Iran /</subfield>
         <subfield code="r">Y. Tonoike --</subfield>
         <subfield code="t">The technical features of the Ninevite 5 ware in southeastern Anatolia /</subfield>
         <subfield code="r">B. Uysal --</subfield>
         <subfield code="t">Qara Qûzâq and Tell Hamîs (Syrian Euphrates valley): updating and comparing Bronze Age ceramic and archaeological data /</subfield>
         <subfield code="r">C. Valdés Pererio --</subfield>
         <subfield code="t">Ritual activities in the "rural shrines" at Tell Barri, in the Khabur region, during the Ninevite 5 period</subfield>
         <subfield code="r">S. Valentini --</subfield>
         <subfield code="t">Late Helladic ceramics at Tell Tweini and in the kingdom of Ugarit /</subfield>
         <subfield code="r">K. Vansteenhuyse, M. al-Maqdissi, P. Degryse, K. Van Lerberghe --</subfield>
         <subfield code="t">The sea people in the Levant: a north Syrian perspective /</subfield>
         <subfield code="r">F. Venturi --</subfield>
         <subfield code="t">The different stages of the acropolis from the Amorite period at Tell Mohammed Diyab /</subfield>
         <subfield code="r">V. Verardi --</subfield>
         <subfield code="t">Islamic period settlement in Tell Leilan region (northern Jazīra): the material evidence from the 1995 survey /</subfield>
         <subfield code="r">V. Vezzoli --</subfield>
         <subfield code="t">La aplicación de las nuevas tecnologías de la información y la comunicación en el yacimiento arqueológico de Tell Halula /</subfield>
         <subfield code="r">O. Vicente i Campos --</subfield>
         <subfield code="t">Lo sviluppo delle metodologie della scienza numismatica e la scoperta di una nuova area di produzione monetale: il caso dell'identificazione della emissioni della Lycia in epoca arcaica /</subfield>
         <subfield code="r">N. Vismara --</subfield>
         <subfield code="t">Natural environment versus cultural environment: the implications of creating a build environment /</subfield>
         <subfield code="r">T. Watkins --</subfield>
         <subfield code="t">An alternative interpretation on the relationship between the settlement layout and social organization in Çatalhoyük neolithic site: a ethnological research in central Anatolia /</subfield>
         <subfield code="r">N. Yalman --</subfield>
      </datafield>
      <datafield tag="505" ind1="8" ind2="0">
         <subfield code="t">Ein Assawir, Tel Magal and the peripheral settlement in the northern Sharon from the neolithic period until the end of the early Bronze Age III /</subfield>
         <subfield code="r">E. Yanai --</subfield>
         <subfield code="t">Cemetery of the intermediate Bronze Age at Bet Dagan /</subfield>
         <subfield code="r">E. Yanai --</subfield>
         <subfield code="t">The trade with Cypriot grey lustrous wheel made ware between Cyprus, north Syrian Lebanese coast and Israel /</subfield>
         <subfield code="r">E. Yanai.</subfield>
         <subfield code="t">Workshops =</subfield>
         <subfield code="t">Talleres de debate.</subfield>
         <subfield code="g">Workshop 1.</subfield>
         <subfield code="t">Houses for the Living and a Place for the Dead /</subfield>
         <subfield code="r">N. Balkan, M. Molist and D. Stordeur, eds.</subfield>
         <subfield code="t">Introduction: House for the living and place for the dead: In memory of Jacques Cauvin --</subfield>
         <subfield code="t">The symbolic dimensions of material culture at Wadi Hammeh 27 /</subfield>
         <subfield code="r">P.C. Edwards --</subfield>
         <subfield code="t">Les maisons, les vivants, les morts: le cas de Mallaha (Eyman), Israël /</subfield>
         <subfield code="r">F.R. Valla, F. Bocquentin --</subfield>
         <subfield code="t">Houses for the living and for the dead? The case of Tell Halula (Syria) /</subfield>
         <subfield code="r">E. Guerero, M. Molist, J. Anfruns --</subfield>
         <subfield code="t">Une place pour les morts dans les maisons de Tell Aswad (Syrie) (Horizon PPNB ancien et PPNB moyen) /</subfield>
         <subfield code="r">D. Stordeur, R. Khawam --</subfield>
         <subfield code="t">What mean these bones? Considering scale and neolithic mortuary variability /</subfield>
         <subfield code="r">I. Kuijt --</subfield>
         <subfield code="t">Sub-floor burials at Çatalhöyük: exploring relations between the dead, houses, and the living /</subfield>
         <subfield code="r">B.S. Düring --</subfield>
         <subfield code="t">Burying the dead in late neolithic Syria /</subfield>
         <subfield code="r">P.M.M.G. Akkermans --</subfield>
         <subfield code="t">Ordering time and space: creating a cultural world /</subfield>
         <subfield code="r">T. Watkins.</subfield>
      </datafield>
      <datafield tag="505" ind1="8" ind2="0">
         <subfield code="g">Workshop III.</subfield>
         <subfield code="t">The Origins of the Halaf and the Rise of Styles /</subfield>
         <subfield code="r">O. Niewenhuyse, P. Akkermans, W. Cruells and M. Molist, eds.</subfield>
         <subfield code="t">Introduction: a workshop on the origins of the halaf and the rise of styles --</subfield>
         <subfield code="t">The proto-Halaf: origins, definition, regional framework and chronology /</subfield>
         <subfield code="r">W. Cruells --</subfield>
         <subfield code="t">Feasting in the steppe: late neolithic ceramic change and the rise of the Halaf /</subfield>
         <subfield code="r">O. Nieuwenhuyse --</subfield>
         <subfield code="t">Taming time and timing the tamed /</subfield>
         <subfield code="r">R. Bernbeck -- A contribution to the discussion on the origins of the Halaf culture from chemical analyses of pottery /</subfield>
         <subfield code="r">M. Le Mière, M. Picon --</subfield>
         <subfield code="t">New insights into the ceramic technology of the proto-Halaf ("transitional") period by using physico-chemical methods /</subfield>
         <subfield code="r">B. Robert, A. Lasalle, R. Chapoulie --</subfield>
         <subfield code="t">Late neolithic ceramic traditions in southeastern Anatolia: new insights from Hakemi use /</subfield>
         <subfield code="r">H. Takin --</subfield>
         <subfield code="t">Neolitic Ritual in Transition /</subfield>
         <subfield code="r">M. Verhoeven.</subfield>
      </datafield>
      <datafield tag="651" ind1=" " ind2="0">
         <subfield code="a">Middle East</subfield>
         <subfield code="x">Antiquities</subfield>
         <subfield code="v">Congresses.</subfield>
      </datafield>
      <datafield tag="650" ind1=" " ind2="0">
         <subfield code="a">Excavations (Archaeology)</subfield>
         <subfield code="z">Middle East</subfield>
         <subfield code="v">Congresses.</subfield>
      </datafield>
      <datafield tag="651" ind1=" " ind2="0">
         <subfield code="a">Middle East</subfield>
         <subfield code="x">Civilization</subfield>
         <subfield code="y">To 622</subfield>
         <subfield code="v">Congresses.</subfield>
      </datafield>
      <datafield tag="650" ind1=" " ind2="7">
         <subfield code="a">Antiquities.</subfield>
         <subfield code="2">fast</subfield>
         <subfield code="0">(OCoLC)fst00810745</subfield>
      </datafield>
      <datafield tag="650" ind1=" " ind2="7">
         <subfield code="a">Civilization.</subfield>
         <subfield code="2">fast</subfield>
         <subfield code="0">(OCoLC)fst00862898</subfield>
      </datafield>
      <datafield tag="650" ind1=" " ind2="7">
         <subfield code="a">Excavations (Archaeology)</subfield>
         <subfield code="2">fast</subfield>
         <subfield code="0">(OCoLC)fst00917564</subfield>
      </datafield>
      <datafield tag="651" ind1=" " ind2="7">
         <subfield code="a">Middle East.</subfield>
         <subfield code="2">fast</subfield>
         <subfield code="0">(OCoLC)fst01241586</subfield>
      </datafield>
      <datafield tag="651" ind1=" " ind2="7">
         <subfield code="a">Alter Orient.</subfield>
         <subfield code="2">idszbz</subfield>
      </datafield>
      <datafield tag="648" ind1=" " ind2="7">
         <subfield code="a">To 622.</subfield>
         <subfield code="2">fast</subfield>
      </datafield>
      <datafield tag="655" ind1=" " ind2="7">
         <subfield code="a">Conference papers and proceedings.</subfield>
         <subfield code="2">fast</subfield>
         <subfield code="0">(OCoLC)fst01423772</subfield>
      </datafield>
      <datafield tag="700" ind1="1" ind2=" ">
         <subfield code="a">Córdoba, Joaquín Ma.</subfield>
         <subfield code="q">(Joaquín María)</subfield>
      </datafield>
      <datafield tag="830" ind1=" " ind2="0">
         <subfield code="a">Colección Actas (Universidad Autónoma de Madrid)</subfield>
      </datafield>
      <datafield tag="856" ind1="4" ind2="2">
         <subfield code="3">TOC</subfield>
         <subfield code="u">http://www.ilibri.casalini.it/toc/60675306.pdf</subfield>
      </datafield>
      <datafield tag="OWN" ind1=" " ind2=" ">
         <subfield code="a">GENERAL</subfield>
      </datafield>
      <datafield tag="AVA" ind1=" " ind2=" ">
         <subfield code="a">NYU50</subfield>
         <subfield code="b">NISAW</subfield>
         <subfield code="c">Small Collection</subfield>
         <subfield code="d">DS56 .I56 2006 Non-circulating</subfield>
         <subfield code="e">available</subfield>
         <subfield code="t">Available</subfield>
         <subfield code="f">3</subfield>
         <subfield code="g">0</subfield>
         <subfield code="h">Y</subfield>
         <subfield code="i">0</subfield>
         <subfield code="j">SMALL</subfield>
         <subfield code="k">0</subfield>
      </datafield>
      <marc:datafield tag="852" ind1=" " ind2=" ">
         <marc:subfield code="b">Institute for the Study of the Ancient World, </marc:subfield>
         <marc:subfield code="c">Small Collection</marc:subfield>
         <marc:subfield code="e">15 East 84th St., </marc:subfield>
         <marc:subfield code="e">New York, NY  10028</marc:subfield>
      </marc:datafield>
   </record>