
  
  
  
  
  
  
  
  
  
  
 
  
  <record xsi:schemaLocation="http://www.loc.gov/MARC21/slim http://www.loc.gov/standards/marcxml/schema/MARC21slim.xsd">
      <leader>00000cam a2200637 a 4500</leader>
      <controlfield tag="FMT">BK</controlfield>
      <controlfield tag="LDR">00000cam a2200637 a 4500</controlfield>
      <controlfield tag="001">002214784</controlfield>
      <controlfield tag="003">OCoLC</controlfield>
      <controlfield tag="005">20170731124401.0</controlfield>
      <controlfield tag="008">980511s1994    it a     b   f100 0 eng d</controlfield>
      <datafield tag="010" ind1=" " ind2=" ">
         <subfield code="a">98149085</subfield>
      </datafield>
      <datafield tag="020" ind1=" " ind2=" ">
         <subfield code="a">8886231113</subfield>
      </datafield>
      <datafield tag="020" ind1=" " ind2=" ">
         <subfield code="a">9788886231114</subfield>
      </datafield>
      <datafield tag="035" ind1=" " ind2=" ">
         <subfield code="a">(OCoLC)31539139</subfield>
         <subfield code="z">(OCoLC)33379304</subfield>
         <subfield code="z">(OCoLC)150825398</subfield>
      </datafield>
      <datafield tag="040" ind1=" " ind2=" ">
         <subfield code="a">IXA</subfield>
         <subfield code="b">eng</subfield>
         <subfield code="c">DLC</subfield>
         <subfield code="d">IXA</subfield>
         <subfield code="d">PUL</subfield>
         <subfield code="d">C3L</subfield>
         <subfield code="d">OCLCQ</subfield>
         <subfield code="d">BTCTA</subfield>
         <subfield code="d">AU@</subfield>
         <subfield code="d">ZWZ</subfield>
         <subfield code="d">RPY</subfield>
         <subfield code="d">OCLCF</subfield>
         <subfield code="d">OCLCQ</subfield>
         <subfield code="d">OCLCO</subfield>
         <subfield code="d">OCL</subfield>
         <subfield code="d">OCLCQ</subfield>
         <subfield code="d">ZYU</subfield>
      </datafield>
      <datafield tag="041" ind1="0" ind2=" ">
         <subfield code="a">eng</subfield>
         <subfield code="a">fre</subfield>
      </datafield>
      <datafield tag="042" ind1=" " ind2=" ">
         <subfield code="a">lccopycat</subfield>
      </datafield>
      <datafield tag="043" ind1=" " ind2=" ">
         <subfield code="a">e-it---</subfield>
      </datafield>
      <datafield tag="045" ind1=" " ind2=" ">
         <subfield code="a">b0d3</subfield>
      </datafield>
      <datafield tag="050" ind1="0" ind2="0">
         <subfield code="a">CD5221</subfield>
         <subfield code="b">.A734 1994</subfield>
      </datafield>
      <datafield tag="079" ind1=" " ind2=" ">
         <subfield code="a">(OCoLC)31539139</subfield>
      </datafield>
      <datafield tag="082" ind1="0" ind2="4">
         <subfield code="a">737.093</subfield>
         <subfield code="2">22</subfield>
      </datafield>
      <datafield tag="090" ind1=" " ind2=" ">
         <subfield code="a">CD5221</subfield>
         <subfield code="b">.A734 1994</subfield>
      </datafield>
      <datafield tag="245" ind1="0" ind2="0">
         <subfield code="a">Archives before writing :</subfield>
         <subfield code="b">proceedings of the International Colloquium, Oriolo Romano, October 23-25, 1991 /</subfield>
         <subfield code="c">edited by Piera Ferioli [and others].</subfield>
      </datafield>
      <datafield tag="260" ind1=" " ind2=" ">
         <subfield code="a">[Torino, Italy] :</subfield>
         <subfield code="b">Ministero per i beni culturali e ambientali, Ufficio centrale per i beni archivistici,</subfield>
         <subfield code="c">1994.</subfield>
      </datafield>
      <datafield tag="300" ind1=" " ind2=" ">
         <subfield code="a">416 pages :</subfield>
         <subfield code="b">illustrations ;</subfield>
         <subfield code="c">30 cm.</subfield>
      </datafield>
      <datafield tag="336" ind1=" " ind2=" ">
         <subfield code="a">text</subfield>
         <subfield code="b">txt</subfield>
         <subfield code="2">rdacontent</subfield>
      </datafield>
      <datafield tag="337" ind1=" " ind2=" ">
         <subfield code="a">unmediated</subfield>
         <subfield code="b">n</subfield>
         <subfield code="2">rdamedia</subfield>
      </datafield>
      <datafield tag="338" ind1=" " ind2=" ">
         <subfield code="a">volume</subfield>
         <subfield code="b">nc</subfield>
         <subfield code="2">rdacarrier</subfield>
      </datafield>
      <datafield tag="490" ind1="1" ind2=" ">
         <subfield code="a">Pubblicazioni degli archivi di Stato</subfield>
      </datafield>
      <datafield tag="490" ind1="1" ind2=" ">
         <subfield code="a">Pubblicazioni del Centro internazionale di ricerche archeologiche antropologiche e storiche ;</subfield>
         <subfield code="v">1</subfield>
      </datafield>
      <datafield tag="500" ind1=" " ind2=" ">
         <subfield code="a">ISAW copy is from the library of David I. Owen.</subfield>
         <subfield code="5">NyNyUAW</subfield>
      </datafield>
      <datafield tag="504" ind1=" " ind2=" ">
         <subfield code="a">Includes bibliographical references.</subfield>
      </datafield>
      <datafield tag="505" ind1="0" ind2="0">
         <subfield code="t">Welcome /</subfield>
         <subfield code="r">Maria Pia Rinaldi Mariani --</subfield>
         <subfield code="t">Welcome /</subfield>
         <subfield code="r">Mario Liverani --</subfield>
         <subfield code="t">Introduction /</subfield>
         <subfield code="r">Gian Giacomo Fissore --</subfield>
         <subfield code="t">Tokens : a Prehistoric Archive System /</subfield>
         <subfield code="r">Denise Schmandt-Besserat ; response by Gian Giacomo Fissore --</subfield>
         <subfield code="t">Administrative Technology and Socio-economic Complexity at the Prehistoric Site of Tall-i-Bakun, Iran /</subfield>
         <subfield code="r">Abbas Alizadeh ; response by Pierre Amiet --</subfield>
         <subfield code="t">The Functional Evidence of Seals and Sealings of Değirmentepe /</subfield>
         <subfield code="r">Ufuk Esin ; response by Mitchell S. Rothman --</subfield>
         <subfield code="t">Sceaux et administration à l'époque d'Uruk, à Suse /</subfield>
         <subfield code="r">Pierre Amiet ; response by Marcella Frangipane --</subfield>
         <subfield code="t">Sealing Use and Changes in Administrative Oversight and Structure at Tepe Gawra during the Fourth Millenium B.C. /</subfield>
         <subfield code="r">Mitchell S. Rothman ; response by Holly Pittman --</subfield>
         <subfield code="t">The Record Function of Clay Sealing in Early Administrative Systems as seen from Arslantepe-Malatya /</subfield>
         <subfield code="r">Marcella Frangipane ; response by Ufuk Esin --</subfield>
         <subfield code="t">Archival Techniques and Methods at Arslantepe /</subfield>
      </datafield>
      <datafield tag="505" ind1="0" ind2="0">
         <subfield code="9"/>
         <subfield code="r">Piera Ferioli, Enrica Fiandra ; response by Abbas Alizadeh --</subfield>
         <subfield code="t">Towards an Understanding of the Role of Glyptic Imagery in the Administrative Systems of Proto-literate Greater Mesopotamia /</subfield>
         <subfield code="r">Holly Pittman ; response by Judith Weingarten --</subfield>
         <subfield code="t">Seal Imagery and Sealing Practices in the Early Aegean World /</subfield>
         <subfield code="r">Joan Aruz ; response by Enrica Fiandra --</subfield>
         <subfield code="t">Les systèmes primitifs de contabilité en Crète minoenne /</subfield>
         <subfield code="r">Jean Claude Poursat ; response by Denise Schmandt-Besserat --</subfield>
         <subfield code="t">The Sealing Studies in the Middle Bronze Age. I : Karahöyük ; II : Phaistos /</subfield>
         <subfield code="r">Judith Weingarten ; response by Jean Claude Poursat --</subfield>
         <subfield code="t">LMIB Ajia Triada on Crete : Sealings and Tablets /</subfield>
         <subfield code="r">Thomas G. Palaima ; response by Joan Aruz --</subfield>
         <subfield code="t">Conceptual Development and Techiques of Organizing Documents and Archives in some Early Civilizations /</subfield>
         <subfield code="r">Gian Giacomo Fissore ; response by Thomas Palaima --</subfield>
         <subfield code="t">Clay Sealings from Jebel Barkal in Sudan : Survival of an Ancient System /</subfield>
         <subfield code="r">Irene Vincentelli Liverani --</subfield>
      </datafield>
      <datafield tag="505" ind1="0" ind2="0">
         <subfield code="9"/>
         <subfield code="t">The Stone Tablet Registers (Khattâtât) : Stone Tablets of Jebel el Akhdar in Modern Lybia /</subfield>
         <subfield code="r">Daud M. Hallaq --</subfield>
         <subfield code="t">Les Sceaux des Grottes du Jebel el Akhdar /</subfield>
         <subfield code="r">Daud M. Hallaq --</subfield>
         <subfield code="t">Archaeologists and Archivists : a Fruitful Collaboration /</subfield>
         <subfield code="r">Elio Lodolini --</subfield>
         <subfield code="t">Perspectives for the History of Archives before Writing /</subfield>
         <subfield code="r">Donato Tamblé --</subfield>
         <subfield code="t">Final Remarks /</subfield>
         <subfield code="r">Mario Liverani.</subfield>
      </datafield>
      <datafield tag="546" ind1=" " ind2=" ">
         <subfield code="a">English and French.</subfield>
      </datafield>
      <datafield tag="650" ind1=" " ind2="0">
         <subfield code="a">Seals (Numismatics)</subfield>
         <subfield code="x">History</subfield>
         <subfield code="v">Congresses.</subfield>
      </datafield>
      <datafield tag="650" ind1=" " ind2="0">
         <subfield code="a">Archives</subfield>
         <subfield code="x">History</subfield>
         <subfield code="y">To 500</subfield>
         <subfield code="v">Congresses.</subfield>
      </datafield>
      <datafield tag="650" ind1=" " ind2="4">
         <subfield code="a">Oriolo Romano</subfield>
         <subfield code="x">Congrès</subfield>
         <subfield code="y">1991.</subfield>
      </datafield>
      <datafield tag="650" ind1=" " ind2="7">
         <subfield code="a">Archives.</subfield>
         <subfield code="2">fast</subfield>
         <subfield code="0">(OCoLC)fst00814030</subfield>
      </datafield>
      <datafield tag="650" ind1=" " ind2="7">
         <subfield code="a">Seals (Numismatics)</subfield>
         <subfield code="2">fast</subfield>
         <subfield code="0">(OCoLC)fst01110321</subfield>
      </datafield>
      <datafield tag="650" ind1=" " ind2="7">
         <subfield code="a">Archives</subfield>
         <subfield code="x">Histoire</subfield>
         <subfield code="x">Congrès.</subfield>
         <subfield code="2">ram</subfield>
      </datafield>
      <datafield tag="650" ind1=" " ind2="7">
         <subfield code="a">Sceaux</subfield>
         <subfield code="x">Histoire</subfield>
         <subfield code="x">Congrès.</subfield>
         <subfield code="2">ram</subfield>
      </datafield>
      <datafield tag="648" ind1=" " ind2="7">
         <subfield code="a">To 500.</subfield>
         <subfield code="2">fast</subfield>
      </datafield>
      <datafield tag="655" ind1=" " ind2="7">
         <subfield code="a">Conference papers and proceedings.</subfield>
         <subfield code="2">fast</subfield>
         <subfield code="0">(OCoLC)fst01423772</subfield>
      </datafield>
      <datafield tag="655" ind1=" " ind2="7">
         <subfield code="a">History.</subfield>
         <subfield code="2">fast</subfield>
         <subfield code="0">(OCoLC)fst01411628</subfield>
      </datafield>
      <datafield tag="700" ind1="1" ind2=" ">
         <subfield code="a">Owen, David I.,</subfield>
         <subfield code="e">former owner.</subfield>
         <subfield code="5">NyNyUAW</subfield>
      </datafield>
      <datafield tag="740" ind1="0" ind2=" ">
         <subfield code="a">Owen Collection.</subfield>
         <subfield code="5">NyNyUAW</subfield>
      </datafield>
      <datafield tag="700" ind1="1" ind2=" ">
         <subfield code="a">Ferioli, Piera.</subfield>
      </datafield>
      <datafield tag="710" ind1="1" ind2=" ">
         <subfield code="a">Italy.</subfield>
         <subfield code="b">Ufficio centrale per i beni archivistici.</subfield>
      </datafield>
      <datafield tag="776" ind1="0" ind2="8">
         <subfield code="i">Online version:</subfield>
         <subfield code="t">Archives before writing.</subfield>
         <subfield code="d">[Torino, Italy] : Ministero per i beni culturali e ambientali, Ufficio centrale per i beni archivistici, 1994</subfield>
         <subfield code="w">(OCoLC)605412393</subfield>
      </datafield>
      <datafield tag="830" ind1=" " ind2="0">
         <subfield code="a">Pubblicazioni del Centro internazionale di ricerche archeologiche antropologiche e storiche ;</subfield>
         <subfield code="v">1.</subfield>
      </datafield>
      <datafield tag="830" ind1=" " ind2="0">
         <subfield code="a">Pubblicazioni degli archivi di Stato (Unnumbered)</subfield>
      </datafield>
      <datafield tag="OWN" ind1=" " ind2=" ">
         <subfield code="a">GENERAL</subfield>
      </datafield>
      <datafield tag="AVA" ind1=" " ind2=" ">
         <subfield code="a">NYU50</subfield>
         <subfield code="b">NIFA</subfield>
         <subfield code="c">Main Collection</subfield>
         <subfield code="d">CD5221 .A734 1991 Non-circulating</subfield>
         <subfield code="e">available</subfield>
         <subfield code="t">Available</subfield>
         <subfield code="f">1</subfield>
         <subfield code="g">0</subfield>
         <subfield code="h">N</subfield>
         <subfield code="i">0</subfield>
         <subfield code="j">MAIN</subfield>
         <subfield code="k">0</subfield>
      </datafield>
      <datafield tag="AVA" ind1=" " ind2=" ">
         <subfield code="a">NYU50</subfield>
         <subfield code="b">NISAW</subfield>
         <subfield code="c">Large Collection</subfield>
         <subfield code="d">CD5221 .A734 1994 Non-circulating</subfield>
         <subfield code="e">available</subfield>
         <subfield code="t">Available</subfield>
         <subfield code="f">1</subfield>
         <subfield code="g">0</subfield>
         <subfield code="h">N</subfield>
         <subfield code="i">0</subfield>
         <subfield code="j">LARGE</subfield>
         <subfield code="k">0</subfield>
      </datafield>
      <marc:datafield tag="852" ind1=" " ind2=" ">
         <marc:subfield code="b">Institute for the Study of the Ancient World, </marc:subfield>
         <marc:subfield code="c">Large Collection</marc:subfield>
         <marc:subfield code="e">15 East 84th St., </marc:subfield>
         <marc:subfield code="e">New York, NY  10028</marc:subfield>
      </marc:datafield>
   </record>