
  
  
  
  
  
  
  
  
  
  
 
  
  <record xsi:schemaLocation="http://www.loc.gov/MARC21/slim http://www.loc.gov/standards/marcxml/schema/MARC21slim.xsd">
      <leader>00000cam a22004694a 4500</leader>
      <controlfield tag="FMT">BK</controlfield>
      <controlfield tag="LDR">00000cam a22004694a 4500</controlfield>
      <controlfield tag="001">003218373</controlfield>
      <controlfield tag="003">OCoLC</controlfield>
      <controlfield tag="005">20170713163419.0</controlfield>
      <controlfield tag="008">090818s2009    gw       b    101 0 ger</controlfield>
      <datafield tag="010" ind1=" " ind2=" ">
         <subfield code="a">2009496384</subfield>
      </datafield>
      <datafield tag="020" ind1=" " ind2=" ">
         <subfield code="a">9783447058551</subfield>
         <subfield code="q">(alk. paper)</subfield>
      </datafield>
      <datafield tag="020" ind1=" " ind2=" ">
         <subfield code="a">3447058552</subfield>
      </datafield>
      <datafield tag="035" ind1="7" ind2=" ">
         <subfield code="a">har080186444</subfield>
      </datafield>
      <datafield tag="035" ind1=" " ind2=" ">
         <subfield code="a">(OCoLC)402520270</subfield>
         <subfield code="z">(OCoLC)870981045</subfield>
      </datafield>
      <datafield tag="040" ind1=" " ind2=" ">
         <subfield code="a">DLC</subfield>
         <subfield code="b">eng</subfield>
         <subfield code="c">DLC</subfield>
         <subfield code="d">EMU</subfield>
         <subfield code="d">OCLCA</subfield>
         <subfield code="d">OCLCQ</subfield>
         <subfield code="d">YDXCP</subfield>
         <subfield code="d">OCLCO</subfield>
         <subfield code="d">BTCTA</subfield>
         <subfield code="d">OCLCO</subfield>
         <subfield code="d">OCLCQ</subfield>
         <subfield code="d">ZYU</subfield>
      </datafield>
      <datafield tag="041" ind1="0" ind2=" ">
         <subfield code="a">ger</subfield>
         <subfield code="a">eng</subfield>
      </datafield>
      <datafield tag="043" ind1=" " ind2=" ">
         <subfield code="a">a-tu---</subfield>
      </datafield>
      <datafield tag="050" ind1="0" ind2="0">
         <subfield code="a">DS66</subfield>
         <subfield code="b">.D48 2006</subfield>
      </datafield>
      <datafield tag="079" ind1=" " ind2=" ">
         <subfield code="a">(OCoLC)402520270</subfield>
      </datafield>
      <datafield tag="082" ind1="0" ind2="0">
         <subfield code="a">956.100491/99</subfield>
         <subfield code="2">22</subfield>
      </datafield>
      <datafield tag="110" ind1="2" ind2=" ">
         <subfield code="a">Deutsche Orient-Gesellschaft.</subfield>
         <subfield code="b">Internationales Colloquium</subfield>
         <subfield code="n">(6th :</subfield>
         <subfield code="d">2006 :</subfield>
         <subfield code="c">Würzburg, Germany)</subfield>
      </datafield>
      <datafield tag="245" ind1="1" ind2="0">
         <subfield code="a">Ḫattuša-Boğazköy :</subfield>
         <subfield code="b">das Hethiterreich im Spannungsfeld des Alten Orients : 6. Internationales Colloquium der Deutschen Orient-Gesellschaft, 22.-24. März 2006 in Würzburg /</subfield>
         <subfield code="c">im Auftrag des Vorstands der Deutschen Orient-Gesellschaft herausgegeben von Gernot Wilhelm.</subfield>
      </datafield>
      <datafield tag="250" ind1=" " ind2=" ">
         <subfield code="a">1. Aufl.</subfield>
      </datafield>
      <datafield tag="260" ind1=" " ind2=" ">
         <subfield code="a">Wiesbaden :</subfield>
         <subfield code="b">Harrassowitz,</subfield>
         <subfield code="c">2008.</subfield>
      </datafield>
      <datafield tag="300" ind1=" " ind2=" ">
         <subfield code="a">xxii, 438 pages ;</subfield>
         <subfield code="c">25 cm.</subfield>
      </datafield>
      <datafield tag="336" ind1=" " ind2=" ">
         <subfield code="a">text</subfield>
         <subfield code="b">txt</subfield>
         <subfield code="2">rdacontent</subfield>
      </datafield>
      <datafield tag="337" ind1=" " ind2=" ">
         <subfield code="a">unmediated</subfield>
         <subfield code="b">n</subfield>
         <subfield code="2">rdamedia</subfield>
      </datafield>
      <datafield tag="338" ind1=" " ind2=" ">
         <subfield code="a">volume</subfield>
         <subfield code="b">nc</subfield>
         <subfield code="2">rdacarrier</subfield>
      </datafield>
      <datafield tag="490" ind1="1" ind2=" ">
         <subfield code="a">Colloquien der Deutschen Orient-Gesellschaft ;</subfield>
         <subfield code="v">6</subfield>
      </datafield>
      <datafield tag="500" ind1=" " ind2=" ">
         <subfield code="a">ISAW copy is from the library of David I. Owen.</subfield>
         <subfield code="5">NyNyUAW</subfield>
      </datafield>
      <datafield tag="546" ind1=" " ind2=" ">
         <subfield code="a">Chiefly in German with four contributions in English.</subfield>
      </datafield>
      <datafield tag="504" ind1=" " ind2=" ">
         <subfield code="a">Includes bibliographical references and indexes.</subfield>
      </datafield>
      <datafield tag="505" ind1="0" ind2="0">
         <subfield code="t">Die Ausgrabungen in Boğazköy: Neue Perspektiven.</subfield>
         <subfield code="t">Abschied von Gewusstem : Die Ausgrabungen in Ḫattuša am Beginn des 21. Jahrhunderts /</subfield>
         <subfield code="r">Jürgen Seeher /</subfield>
         <subfield code="t">Die Ausgrabungen der letzten 50 Jahre in Hattuša und di Geschichte der hethitischen Kunst /</subfield>
         <subfield code="r">Winfried Ortmann --</subfield>
         <subfield code="t">Wo steht di Archäologie in der Erforschung der hethitischen Kultur? Schritte zu einem Paradigmenwechsel /</subfield>
         <subfield code="r">Ulf-Dietrich Schoop.</subfield>
         <subfield code="t">Die Keilschrifttexte aus Ḫattuša: Edition und Auswertung.</subfield>
         <subfield code="t">Boğazköy-Berlin : Zur frühen Geschichte der Hethitologie /</subfield>
         <subfield code="r">Horst Klengel --</subfield>
         <subfield code="t">"Hethitische Forschungen" : Das Editionsprojekt der Akademie der Wissenschaften und der Literatur Mainz /</subfield>
         <subfield code="r">Gernot Wilhelm --</subfield>
         <subfield code="t">Verwaltung der Vergangenheit : Record Management im Reich der Hethiter /</subfield>
         <subfield code="r">Theo P.J. van den Hout.</subfield>
         <subfield code="t">Verbindungen zum syro-mesopotamischen und ostmediterranen Raum.</subfield>
         <subfield code="t">Die Beziehungen zwischen Anatolien und der syro-mesopotamischen Welt in der altbabylonischen Zeit /</subfield>
         <subfield code="r">Dominique Charpin --</subfield>
      </datafield>
      <datafield tag="505" ind1="0" ind2="0">
         <subfield code="9"/>
         <subfield code="t">The Assyrian colony at Kanesh /</subfield>
         <subfield code="r">Jan Gerrit Dercksen --</subfield>
         <subfield code="t">Die Beziehungen zwischen assyrischen Kaufleuten und anatolischen Fürsten vor allem im Lichte der Vertragstexte aus Kültepe /</subfield>
         <subfield code="r">Cahit Günbattı --</subfield>
         <subfield code="t">Fremde Götter in Hatti : Die hethitische Religion im Spannungsfeld von Synkretismus und Abgrenzung /</subfield>
         <subfield code="r">Daniel Schwemer --</subfield>
         <subfield code="t">Die hethitische Glyptik im Lichte der politischen und kulturellen Beziehungen des Hethiterreichs zu Syrien und Mesopotamien /</subfield>
         <subfield code="r">Suzanne Herbordt --</subfield>
         <subfield code="t">Šuppiluliuma I. in Syrien : Der 'Einjährige Feldzug' und seine Folgen /</subfield>
         <subfield code="r">Thomas Richter --</subfield>
         <subfield code="t">Assur und Hatti : zwischen Allianz und Konflikt /</subfield>
         <subfield code="r">Eva Cancik-Kirschbaum --</subfield>
         <subfield code="t">KBo 28.61-64 and the Struggle over the throne of Babylon at the turn of the 13th century BCE /</subfield>
         <subfield code="r">Itamar Singer --</subfield>
         <subfield code="t">Relations between Ḫatti and Alašiya according to textual and archaeological evidence /</subfield>
         <subfield code="r">Stefano de Martino.</subfield>
         <subfield code="t">Verbindungen zum pontischen sowie zum westanatolischen und griechisch-ägäischen Raum.</subfield>
      </datafield>
      <datafield tag="505" ind1="0" ind2="0">
         <subfield code="9"/>
         <subfield code="t">Die hethitische Kultur im mittleren Schwarzmeergebiet unter besonderer Berücksichtigung der Umgebung von Vezirköprü /</subfield>
         <subfield code="r">Rainer Maria Czichon --</subfield>
         <subfield code="t">Zalpa, Nerik und Ḫakmiš : Die Bedeutung der nördlichen Peripherie Zentralanatoliens in hethitischer Zeit /</subfield>
         <subfield code="r">Jörg Klinger --</subfield>
         <subfield code="t">Ḫattusas Beziehungen zum westlichen Kleinasien und dem mykenischen Griechenland nach den neuesten Forschungen /</subfield>
         <subfield code="r">Wolf-Dietrich Niemeier.</subfield>
         <subfield code="t">Aspekte der hethitischen Politik.</subfield>
         <subfield code="t">Verschwörungen und Intrigen am hethitischen Hof : zu den Konflikten innerhalb der hethitischen Elite anhand der historisch-juristischen Quellen /</subfield>
         <subfield code="r">Mauro Giorgieri --</subfield>
         <subfield code="t">Hittie imperialism in perspective : the Hittite and Roman treatment of subordinate states compared /</subfield>
         <subfield code="r">Amnon Altman.</subfield>
         <subfield code="t">Zum Nachleben altanatolischer Kunst.</subfield>
         <subfield code="t">Untersuchungen zu den kleinen Orthostaten aus Tell Halaf : Späthethitische Kunst, Aramäische Bildwerke oder hurritisches Erbe? /</subfield>
         <subfield code="r">Aslı Özyar.</subfield>
      </datafield>
      <datafield tag="650" ind1=" " ind2="0">
         <subfield code="a">Hittites</subfield>
         <subfield code="x">History</subfield>
         <subfield code="v">Congresses.</subfield>
      </datafield>
      <datafield tag="650" ind1=" " ind2="0">
         <subfield code="a">Hittites</subfield>
         <subfield code="x">Civilization</subfield>
         <subfield code="v">Congresses.</subfield>
      </datafield>
      <datafield tag="651" ind1=" " ind2="0">
         <subfield code="a">Boğazköy (Turkey)</subfield>
         <subfield code="x">Antiquities</subfield>
         <subfield code="v">Congresses.</subfield>
      </datafield>
      <datafield tag="650" ind1=" " ind2="0">
         <subfield code="a">Excavations (Archaeology)</subfield>
         <subfield code="z">Turkey</subfield>
         <subfield code="z">Boğazköy</subfield>
         <subfield code="v">Congresses.</subfield>
      </datafield>
      <datafield tag="651" ind1=" " ind2="7">
         <subfield code="a">Hattusa.</subfield>
         <subfield code="2">pleiades</subfield>
         <subfield code="0">https://pleiades.stoa.org/places/283602441</subfield>
      </datafield>
      <datafield tag="700" ind1="1" ind2=" ">
         <subfield code="a">Owen, David I.,</subfield>
         <subfield code="e">former owner.</subfield>
         <subfield code="5">NyNyUAW</subfield>
      </datafield>
      <datafield tag="740" ind1="0" ind2=" ">
         <subfield code="a">Owen Collection.</subfield>
         <subfield code="5">NyNyUAW</subfield>
      </datafield>
      <datafield tag="700" ind1="1" ind2=" ">
         <subfield code="a">Wilhelm, Gernot.</subfield>
      </datafield>
      <datafield tag="830" ind1=" " ind2="0">
         <subfield code="a">Colloquien der Deutschen Orient-Gesellschaft ;</subfield>
         <subfield code="v">6.</subfield>
      </datafield>
      <datafield tag="OWN" ind1=" " ind2=" ">
         <subfield code="a">GENERAL</subfield>
      </datafield>
      <datafield tag="AVA" ind1=" " ind2=" ">
         <subfield code="a">NYU50</subfield>
         <subfield code="b">BOBST</subfield>
         <subfield code="c">Main Collection</subfield>
         <subfield code="d">DS66 .H37 2009</subfield>
         <subfield code="e">unavailable</subfield>
         <subfield code="t">Unavailable</subfield>
         <subfield code="f">1</subfield>
         <subfield code="g">1</subfield>
         <subfield code="h">N</subfield>
         <subfield code="i">10</subfield>
         <subfield code="j">MAIN</subfield>
         <subfield code="k">0</subfield>
      </datafield>
      <datafield tag="AVA" ind1=" " ind2=" ">
         <subfield code="a">NYU50</subfield>
         <subfield code="b">NISAW</subfield>
         <subfield code="c">Small Collection</subfield>
         <subfield code="d">DS66 .D48 2006 Non-circulating</subfield>
         <subfield code="e">available</subfield>
         <subfield code="t">Available</subfield>
         <subfield code="f">1</subfield>
         <subfield code="g">0</subfield>
         <subfield code="h">N</subfield>
         <subfield code="i">0</subfield>
         <subfield code="j">SMALL</subfield>
         <subfield code="k">0</subfield>
      </datafield>
      <marc:datafield tag="852" ind1=" " ind2=" ">
         <marc:subfield code="b">Institute for the Study of the Ancient World, </marc:subfield>
         <marc:subfield code="c">Small Collection</marc:subfield>
         <marc:subfield code="e">15 East 84th St., </marc:subfield>
         <marc:subfield code="e">New York, NY  10028</marc:subfield>
      </marc:datafield>
   </record>