
  
  
  
  
  
  
  
  
  
  
  
 
  
  <record xsi:schemaLocation="http://www.loc.gov/MARC21/slim http://www.loc.gov/standards/marcxml/schema/MARC21slim.xsd">
      <leader>00000cam a22      i 4500</leader>
      <controlfield tag="FMT">BK</controlfield>
      <controlfield tag="LDR">00000cam a22      i 4500</controlfield>
      <controlfield tag="001">004983515</controlfield>
      <controlfield tag="005">20170607133251.0</controlfield>
      <controlfield tag="008">170502s2017    inuabe   b    010 0 eng</controlfield>
      <datafield tag="010" ind1=" " ind2=" ">
         <subfield code="a">  2016049136</subfield>
      </datafield>
      <datafield tag="020" ind1=" " ind2=" ">
         <subfield code="a">9781575064710</subfield>
         <subfield code="q">hardcover, set 2 volumes ;</subfield>
         <subfield code="q">alkaline paper</subfield>
      </datafield>
      <datafield tag="020" ind1=" " ind2=" ">
         <subfield code="a">1575064715</subfield>
         <subfield code="q">hardcover, set 2 volumes ;</subfield>
         <subfield code="q">alkaline paper</subfield>
      </datafield>
      <datafield tag="020" ind1=" " ind2=" ">
         <subfield code="a">9781575064727</subfield>
         <subfield code="q">volume 1 ;</subfield>
         <subfield code="q">alkaline paper</subfield>
      </datafield>
      <datafield tag="020" ind1=" " ind2=" ">
         <subfield code="a">1575064723</subfield>
         <subfield code="q">volume 1 ;</subfield>
         <subfield code="q">alkaline paper</subfield>
      </datafield>
      <datafield tag="020" ind1=" " ind2=" ">
         <subfield code="a">9781575064734</subfield>
         <subfield code="q">volume 2 ;</subfield>
         <subfield code="q">alkaline paper</subfield>
      </datafield>
      <datafield tag="020" ind1=" " ind2=" ">
         <subfield code="a">1575064731</subfield>
         <subfield code="q">volume 2 ;</subfield>
         <subfield code="q">alkaline paper</subfield>
      </datafield>
      <datafield tag="035" ind1="7" ind2=" ">
         <subfield code="a">ybp11919648</subfield>
      </datafield>
      <datafield tag="035" ind1=" " ind2=" ">
         <subfield code="a">(OCoLC)961266721</subfield>
      </datafield>
      <datafield tag="040" ind1=" " ind2=" ">
         <subfield code="a">DLC</subfield>
         <subfield code="b">eng</subfield>
         <subfield code="e">rda</subfield>
         <subfield code="c">DLC</subfield>
         <subfield code="d">OCLCO</subfield>
         <subfield code="d">OCLCF</subfield>
         <subfield code="d">OCLCQ</subfield>
         <subfield code="d">HUC</subfield>
         <subfield code="d">YDX</subfield>
         <subfield code="d">YDX</subfield>
         <subfield code="d">OCLCO</subfield>
         <subfield code="d">NNU</subfield>
      </datafield>
      <datafield tag="042" ind1=" " ind2=" ">
         <subfield code="a">pcc</subfield>
      </datafield>
      <datafield tag="043" ind1=" " ind2=" ">
         <subfield code="a">a-iq---</subfield>
      </datafield>
      <datafield tag="050" ind1="0" ind2="0">
         <subfield code="a">DS69.5</subfield>
         <subfield code="b">.A86 2017</subfield>
      </datafield>
      <datafield tag="079" ind1=" " ind2=" ">
         <subfield code="a">(OCoLC)961266721</subfield>
      </datafield>
      <datafield tag="082" ind1="0" ind2="0">
         <subfield code="a">935</subfield>
         <subfield code="2">23</subfield>
      </datafield>
      <datafield tag="245" ind1="0" ind2="0">
         <subfield code="a">At the dawn of history :</subfield>
         <subfield code="b">ancient Near Eastern studies in honour of J.N. Postgate /</subfield>
         <subfield code="c">edited by Yağmur Heffron, Adam Stone, and Martin Worthington.</subfield>
      </datafield>
      <datafield tag="264" ind1=" " ind2="1">
         <subfield code="a">Winona Lake, Indiana :</subfield>
         <subfield code="b">Eisenbrauns,</subfield>
         <subfield code="c">2017.</subfield>
      </datafield>
      <datafield tag="300" ind1=" " ind2=" ">
         <subfield code="a">2 volumes (xxiv, 811 pages) :</subfield>
         <subfield code="b">illustrations, maps, plans ;</subfield>
         <subfield code="c">29 cm</subfield>
      </datafield>
      <datafield tag="336" ind1=" " ind2=" ">
         <subfield code="a">text</subfield>
         <subfield code="b">txt</subfield>
         <subfield code="2">rdacontent</subfield>
      </datafield>
      <datafield tag="337" ind1=" " ind2=" ">
         <subfield code="a">unmediated</subfield>
         <subfield code="b">n</subfield>
         <subfield code="2">rdamedia</subfield>
      </datafield>
      <datafield tag="338" ind1=" " ind2=" ">
         <subfield code="a">volume</subfield>
         <subfield code="b">nc</subfield>
         <subfield code="2">rdacarrier</subfield>
      </datafield>
      <datafield tag="504" ind1=" " ind2=" ">
         <subfield code="a">Includes bibliographical references.</subfield>
      </datafield>
      <datafield tag="505" ind1="0" ind2="0">
         <subfield code="g">Volume 1.</subfield>
         <subfield code="t">A Fragment of Stele from Umma /</subfield>
         <subfield code="r">Lamia Al-Gailani Werr --</subfield>
         <subfield code="t">In the Shade of the Assyrian Orchards /</subfield>
         <subfield code="r">Marie-Françoise Besnier --</subfield>
         <subfield code="t">The Šu-Suen Year 0 sa₂-du₁₁ ku₅-ra₂ Flour Dossier from Puzriš-Dagan /</subfield>
         <subfield code="r">Robert Biggs --</subfield>
         <subfield code="t">To Eat Like a God: Religion and Economy in Old Babylonian Nippur /</subfield>
         <subfield code="r">Nicole Brisch --</subfield>
         <subfield code="t">Remarks on the Earliest History of Horoscopy /</subfield>
         <subfield code="r">David Brown --</subfield>
         <subfield code="t">A Ceramic Assemblage of the Early Literate Periods from Sumer /</subfield>
         <subfield code="r">Daniel Calderbank and Jane Moon --</subfield>
         <subfield code="t">Stolen, Not Given? /</subfield>
         <subfield code="r">María Dolores Casero Chamorro --</subfield>
         <subfield code="t">Are We any closer to establishing how many Sumerians per hectare? Recent approaches to Understanding the spatial Dynamics of Populations in Ancient Mesopotamian Cities /</subfield>
         <subfield code="r">Carlo Colatoni --</subfield>
         <subfield code="t">New Perspectives on "Early Mesopotamia" /</subfield>
         <subfield code="r">Harriet Crawford --</subfield>
         <subfield code="t">Of Arches, Vaults and Domes /</subfield>
         <subfield code="r">Stephanie Dalley --</subfield>
         <subfield code="t">Ethnicity in the Assyrian Empire: A View from the Nisbe, (III) "Arameans" and Related Tribalists /</subfield>
         <subfield code="r">Frederick Mario Fales --</subfield>
         <subfield code="t">Instruktionen Tukultī-Ninurtas I /</subfield>
         <subfield code="r">Helmut Freydank --</subfield>
         <subfield code="t">Gods, Temples, and Cult at the Service of the Early Hittite State /</subfield>
         <subfield code="r">Marie-Henriette Gates --</subfield>
         <subfield code="t">The Ending of the Çineköy Inscription /</subfield>
         <subfield code="r">David Hawkins --</subfield>
         <subfield code="t">A New Palatial Ware or a Case of Imitation of Egyptian Pottery? The Brownish Red Slip (BRS) from Qatna and its Significance within the Northern Levantine Ceramic Tradition of the Mid-Second Millennium BC /</subfield>
         <subfield code="r">Marco Iamoni --</subfield>
         <subfield code="t">Building on the Past: Gertrude Bell and the Transformation of Space in the Karadağ /</subfield>
         <subfield code="r">Mark Jackson --</subfield>
         <subfield code="t">Studies in the Lexicon of Neo-Aramaic /</subfield>
         <subfield code="r">Geoffrey Khan --</subfield>
         <subfield code="t">The Temple of Salmānu at Dūr-Katlimmu, Nergal of Hubšalum, and Nergal-ereš /</subfield>
         <subfield code="r">Harmut Kühne --</subfield>
         <subfield code="t">Between Slavery and Freedom /</subfield>
         <subfield code="r">Mogens Trolle Larsen --</subfield>
         <subfield code="t">The King and His Army /</subfield>
         <subfield code="r">Mario Liverani --</subfield>
      </datafield>
      <datafield tag="505" ind1="8" ind2="0">
         <subfield code="t">Two Middle Assyrian Delivery Notes from the British Museum’s Tablet Collection /</subfield>
         <subfield code="r">Jeanette C. Fincke and Jaume Llop-Raduà --</subfield>
         <subfield code="t">The Governors of Halzi-atbari in the Neo-Assyrian Period /</subfield>
         <subfield code="r">Mikko Luukko --</subfield>
         <subfield code="t">Never the Same River Twice: The Göksu Valley Through the Ages /</subfield>
         <subfield code="r">Naoise Mac Sweeney and Tevfik Emre Şerifoğlu --</subfield>
         <subfield code="t">Piecing the Jigsaw /</subfield>
         <subfield code="r">Harriet Martin --</subfield>
         <subfield code="t">A Palace for the King of Ereš? Evidence fromt he Early Dynastic City of Abu Salabikh, South Iraq /</subfield>
         <subfield code="r">Roger Matthews and Wendy Matthews --</subfield>
         <subfield code="t">How many Sumerians does it take to put out the rubbish? /</subfield>
         <subfield code="r">August McMahon.</subfield>
         <subfield code="g">Volume 2.</subfield>
         <subfield code="t">The Location of Raṣappa /</subfield>
         <subfield code="r">Simo Parpola --</subfield>
         <subfield code="t">Making Fire in Uruk-Period Abu Salabikh /</subfield>
         <subfield code="r">Susan Pollock --</subfield>
         <subfield code="t">A Neo-Assyrian Legal Document from Tell Sitak /</subfield>
         <subfield code="r">Karen Radner --</subfield>
         <subfield code="t">The Assyrian Palace at Nabi Yunus, Nineveh /</subfield>
         <subfield code="r">Julian Reade --</subfield>
         <subfield code="t">The Socio-Economics of Cuneiform Scholarship after the "End of Archives": Views from Borsippa and Uruk /</subfield>
         <subfield code="r">Eleanor Robson --</subfield>
         <subfield code="t">Eine Königskette im Heiligtum der Ištar von Assur /</subfield>
         <subfield code="r">Ursula Seidl --</subfield>
         <subfield code="t">On the Tablet Trail: Herdsmen’s Employment for Royal Wives in the Ur III Period /</subfield>
         <subfield code="r">T.M. Sharlach --</subfield>
         <subfield code="t">An Expedition of King Shalmaneser I and Prince Tukultī-Ninurta to Carchemish /</subfield>
         <subfield code="r">Daisuke Shibata --</subfield>
         <subfield code="t">The Role of Stimulants in Early Near Eastern Society: Insights through Artifacts and Texts /</subfield>
         <subfield code="r">Diana Stein --</subfield>
         <subfield code="t">An Estimate of the Population of the City of Umma in Ur III Times /</subfield>
         <subfield code="r">Piotr Steinkeller /</subfield>
         <subfield code="r">How many Mesopotamians per hectare? /</subfield>
         <subfield code="r">Elizabeth C. Stone --</subfield>
         <subfield code="t">The Terminology for times of the day in Akkadian /</subfield>
         <subfield code="r">Michael P. Streck --</subfield>
         <subfield code="t">"Counter-Archaeology:" Putting the Ur III Drehem Archives Back in the Ground /</subfield>
         <subfield code="r">Christina Tsouparopoulou --</subfield>
         <subfield code="t">Meaning in Perspective: Some Akkadian Terms for "Foundation" : uššu, temennu, išdu, duruššu- /</subfield>
         <subfield code="r">Johanna Tudeau --</subfield>
      </datafield>
      <datafield tag="505" ind1="8" ind2="0">
         <subfield code="t">Nergal-eṭir’s Correspondence in the light of BM 30205, and a Preliminary Edition of BM 36543, another Fragmentary Neo-Assyrian Letter in the Babylon Collection of the British Museum /</subfield>
         <subfield code="r">Greta Van Buylaere --</subfield>
         <subfield code="t">Seven Debt-Notes of Anatolians from Ancient Kanesh /</subfield>
         <subfield code="r">Klaas R. Veenhof --</subfield>
         <subfield code="t">Oracle Bones at the Sichuan University Museum /</subfield>
         <subfield code="r">Xianhua Wang and Changhong Chen --</subfield>
         <subfield code="t">Association of the Dog with Healing Power in Mesopotamia /</subfield>
         <subfield code="r">Chikako E. Watanabe --</subfield>
         <subfield code="t">Ugaritic Military Terms in the Light of Comparative Linguistics /</subfield>
         <subfield code="r">Wilfred G.E. Watson --</subfield>
         <subfield code="t">Tabal and the Limits of Assyrian Imperialism /</subfield>
         <subfield code="r">Mark Weeden --</subfield>
         <subfield code="t">Ein dritter Backstein mit der grossen Inschrift des Königs Takil-ilissu von Malgûm und der Tonnagel des Ipiq-Ištar /</subfield>
         <subfield code="r">Claus Wilcke --</subfield>
         <subfield code="t">Assur among the Gods of Urartu /</subfield>
         <subfield code="r">Paul Zimansky --</subfield>
         <subfield code="t">Some Bronze Stamp Seals of Achaemenid Date /</subfield>
         <subfield code="r">Dominique Collon and John Curtis --</subfield>
         <subfield code="r">Assyrians after the Fall: Evidence from the Ebabbar of Sippar /</subfield>
         <subfield code="r">John MacGinnis --</subfield>
         <subfield code="t">Prayer and Praise in the City of Assur /</subfield>
         <subfield code="r">Frances Reynolds.</subfield>
      </datafield>
      <datafield tag="651" ind1=" " ind2="0">
         <subfield code="a">Iraq</subfield>
         <subfield code="x">Civilization</subfield>
         <subfield code="y">To 634.</subfield>
      </datafield>
      <datafield tag="651" ind1=" " ind2="0">
         <subfield code="a">Iraq</subfield>
         <subfield code="x">History</subfield>
         <subfield code="y">To 634.</subfield>
      </datafield>
      <datafield tag="651" ind1=" " ind2="0">
         <subfield code="a">Iraq</subfield>
         <subfield code="x">Antiquities.</subfield>
      </datafield>
      <datafield tag="650" ind1=" " ind2="0">
         <subfield code="a">Excavations (Archaeology)</subfield>
         <subfield code="z">Iraq.</subfield>
      </datafield>
      <datafield tag="650" ind1=" " ind2="0">
         <subfield code="a">Civilization, Assyro-Babylonian.</subfield>
      </datafield>
      <datafield tag="650" ind1=" " ind2="0">
         <subfield code="a">Akkadian language</subfield>
         <subfield code="x">Texts.</subfield>
      </datafield>
      <datafield tag="650" ind1=" " ind2="7">
         <subfield code="a">Akkadian language</subfield>
         <subfield code="x">Texts.</subfield>
         <subfield code="2">fast</subfield>
         <subfield code="0">(OCoLC)fst00803992</subfield>
      </datafield>
      <datafield tag="650" ind1=" " ind2="7">
         <subfield code="a">Antiquities.</subfield>
         <subfield code="2">fast</subfield>
         <subfield code="0">(OCoLC)fst00810745</subfield>
      </datafield>
      <datafield tag="650" ind1=" " ind2="7">
         <subfield code="a">Civilization.</subfield>
         <subfield code="2">fast</subfield>
         <subfield code="0">(OCoLC)fst00862898</subfield>
      </datafield>
      <datafield tag="650" ind1=" " ind2="7">
         <subfield code="a">Civilization, Assyro-Babylonian.</subfield>
         <subfield code="2">fast</subfield>
         <subfield code="0">(OCoLC)fst00862983</subfield>
      </datafield>
      <datafield tag="651" ind1=" " ind2="7">
         <subfield code="a">Iraq.</subfield>
         <subfield code="2">fast</subfield>
         <subfield code="0">(OCoLC)fst01205757</subfield>
      </datafield>
      <datafield tag="648" ind1=" " ind2="7">
         <subfield code="a">To 634.</subfield>
         <subfield code="2">fast</subfield>
      </datafield>
      <datafield tag="655" ind1=" " ind2="7">
         <subfield code="a">History.</subfield>
         <subfield code="2">fast</subfield>
         <subfield code="0">(OCoLC)fst01411628</subfield>
      </datafield>
      <datafield tag="700" ind1="1" ind2=" ">
         <subfield code="a">Heffron, Yağmur,</subfield>
         <subfield code="e">editor.</subfield>
      </datafield>
      <datafield tag="700" ind1="1" ind2=" ">
         <subfield code="a">Stone, Adam,</subfield>
         <subfield code="d">1981-</subfield>
         <subfield code="e">editor.</subfield>
      </datafield>
      <datafield tag="700" ind1="1" ind2=" ">
         <subfield code="a">Worthington, Martin,</subfield>
         <subfield code="e">editor.</subfield>
      </datafield>
      <datafield tag="700" ind1="1" ind2=" ">
         <subfield code="a">Postgate, J. N.,</subfield>
         <subfield code="e">honouree.</subfield>
      </datafield>
      <datafield tag="776" ind1="0" ind2="8">
         <subfield code="i">Online version:</subfield>
         <subfield code="t">At the dawn of history.</subfield>
         <subfield code="d">Winona Lake, Indiana : Eisenbrauns, 2017</subfield>
         <subfield code="z">9781575064741</subfield>
         <subfield code="w">(DLC) 2016049835</subfield>
      </datafield>
      <datafield tag="OWN" ind1=" " ind2=" ">
         <subfield code="a">GENERAL</subfield>
      </datafield>
      <datafield tag="AVA" ind1=" " ind2=" ">
         <subfield code="a">NYU50</subfield>
         <subfield code="b">BOBST</subfield>
         <subfield code="c">Main Collection</subfield>
         <subfield code="d">DS69.5 .A86 2017</subfield>
         <subfield code="e">available</subfield>
         <subfield code="t">Available</subfield>
         <subfield code="f">2</subfield>
         <subfield code="g">0</subfield>
         <subfield code="h">Y</subfield>
         <subfield code="i">0</subfield>
         <subfield code="j">MAIN</subfield>
         <subfield code="k">0</subfield>
      </datafield>
      <datafield tag="AVA" ind1=" " ind2=" ">
         <subfield code="a">NYU50</subfield>
         <subfield code="b">NISAW</subfield>
         <subfield code="c">Large Collection</subfield>
         <subfield code="d">DS69.5 .A86 2017 Non-circulating</subfield>
         <subfield code="e">available</subfield>
         <subfield code="t">Available</subfield>
         <subfield code="f">2</subfield>
         <subfield code="g">0</subfield>
         <subfield code="h">Y</subfield>
         <subfield code="i">0</subfield>
         <subfield code="j">LARGE</subfield>
         <subfield code="k">0</subfield>
      </datafield>
      <marc:datafield tag="852" ind1=" " ind2=" ">
         <marc:subfield code="b">Institute for the Study of the Ancient World, </marc:subfield>
         <marc:subfield code="c">Large Collection</marc:subfield>
         <marc:subfield code="e">15 East 84th St., </marc:subfield>
         <marc:subfield code="e">New York, NY  10028</marc:subfield>
      </marc:datafield>
   </record>