
  
  
  
  
  
  
  
  
  
  
  
  
  
 
  
  <record xsi:schemaLocation="http://www.loc.gov/MARC21/slim http://www.loc.gov/standards/marcxml/schema/MARC21slim.xsd">
      <leader>00000cam a2200469 i 4500</leader>
      <controlfield tag="FMT">BK</controlfield>
      <controlfield tag="LDR">00000cam a2200469 i 4500</controlfield>
      <controlfield tag="001">004980015</controlfield>
      <controlfield tag="003">OCoLC</controlfield>
      <controlfield tag="005">20170721111152.0</controlfield>
      <controlfield tag="008">161020s2017    inuab    b    000 0 eng</controlfield>
      <datafield tag="010" ind1=" " ind2=" ">
         <subfield code="a">2016047985</subfield>
      </datafield>
      <datafield tag="020" ind1=" " ind2=" ">
         <subfield code="a">9781575064987 (hardback : alk. paper)</subfield>
      </datafield>
      <datafield tag="020" ind1=" " ind2=" ">
         <subfield code="a">1575064987 (hardback : alk. paper)</subfield>
      </datafield>
      <datafield tag="024" ind1="8" ind2=" ">
         <subfield code="a">40027066751</subfield>
      </datafield>
      <datafield tag="035" ind1="7" ind2=" ">
         <subfield code="a">ybp12215126</subfield>
      </datafield>
      <datafield tag="035" ind1=" " ind2=" ">
         <subfield code="a">(OCoLC)961035054</subfield>
      </datafield>
      <datafield tag="040" ind1=" " ind2=" ">
         <subfield code="a">DLC</subfield>
         <subfield code="b">eng</subfield>
         <subfield code="e">rda</subfield>
         <subfield code="c">DLC</subfield>
         <subfield code="d">OCLCF</subfield>
         <subfield code="d">YDX</subfield>
         <subfield code="d">ZYU</subfield>
         <subfield code="d">YUS</subfield>
         <subfield code="d">OCLCO</subfield>
         <subfield code="d">ZYU</subfield>
      </datafield>
      <datafield tag="042" ind1=" " ind2=" ">
         <subfield code="a">pcc</subfield>
      </datafield>
      <datafield tag="043" ind1=" " ind2=" ">
         <subfield code="a">a-is---</subfield>
      </datafield>
      <datafield tag="050" ind1="0" ind2="0">
         <subfield code="a">DS110.R34</subfield>
         <subfield code="b">L575 2017</subfield>
      </datafield>
      <datafield tag="079" ind1=" " ind2=" ">
         <subfield code="a">(OCoLC)961035054</subfield>
      </datafield>
      <datafield tag="082" ind1="0" ind2="0">
         <subfield code="a">956.94/4</subfield>
         <subfield code="2">23</subfield>
      </datafield>
      <datafield tag="100" ind1="1" ind2=" ">
         <subfield code="a">Lipschitz, Oded,</subfield>
         <subfield code="e">author.</subfield>
      </datafield>
      <datafield tag="245" ind1="1" ind2="0">
         <subfield code="a">What Are the Stones Whispering? :</subfield>
         <subfield code="b">Ramat Rahel : 3000 Years of Forgotten History /</subfield>
         <subfield code="c">by Oded Lipschits, Yuval Gadot, Benjamin Arubas, and Manfred Oeming ; With contributions by Efrat Bocher [and 14 others].</subfield>
      </datafield>
      <datafield tag="264" ind1=" " ind2="1">
         <subfield code="a">Winona Lake, Indiana :</subfield>
         <subfield code="b">Eisenbrauns,</subfield>
         <subfield code="c">2017.</subfield>
      </datafield>
      <datafield tag="300" ind1=" " ind2=" ">
         <subfield code="a">vi, 183 pages :</subfield>
         <subfield code="b">illustrations, maps ;</subfield>
         <subfield code="c">29 cm</subfield>
      </datafield>
      <datafield tag="336" ind1=" " ind2=" ">
         <subfield code="a">text</subfield>
         <subfield code="b">txt</subfield>
         <subfield code="2">rdacontent</subfield>
      </datafield>
      <datafield tag="337" ind1=" " ind2=" ">
         <subfield code="a">unmediated</subfield>
         <subfield code="b">n</subfield>
         <subfield code="2">rdamedia</subfield>
      </datafield>
      <datafield tag="338" ind1=" " ind2=" ">
         <subfield code="a">volume</subfield>
         <subfield code="b">nc</subfield>
         <subfield code="2">rdacarrier</subfield>
      </datafield>
      <datafield tag="504" ind1=" " ind2=" ">
         <subfield code="a">Includes bibliographical references (pages 171-175).</subfield>
      </datafield>
      <datafield tag="520" ind1=" " ind2=" ">
         <subfield code="a">"The excavations at Ramat Rahel, just south of Jerusalem, revealed a complex of structures that existed for hundreds of years in which the Kingdom of Judah was a vassal of diverse empires. Over some 500 years, jars bearing seals were stored at the site. The findings throw new light on the late First Temple period and on most of that of the Second Temple. During these centuries Ramat Rahel was the administrative contact point between Judah and the ruling empires. This is what enabled independent Judean control of Jerusalem and the Temple, and the ability to maintain Jewis identity within Jerusalem almost without outside intervention and supervision. All this came to an end during the Hasmonean revolt"</subfield>
         <subfield code="c">Provided by publisher.</subfield>
      </datafield>
      <datafield tag="505" ind1="0" ind2="0">
         <subfield code="g">Section One:</subfield>
         <subfield code="t">Introductory Chapters.</subfield>
         <subfield code="g">Chapter one.</subfield>
         <subfield code="t">Strategic Location, Natural Surroundings and Processes in Site Formation --</subfield>
         <subfield code="g">Chapter Two.</subfield>
         <subfield code="t">The Question of the Site's Ancient Name --</subfield>
         <subfield code="t">Chapter Three.</subfield>
         <subfield code="t">History of Research. $t Early Research of the Tel and its Environs --</subfield>
         <subfield code="t">Aharoni's Excavations : 1954, 1956, 1959-1962 --</subfield>
         <subfield code="t">Barkay (1984) and Solimani (2000-2002) Excavations --</subfield>
         <subfield code="t">The New Joint Expedition of the Tel-aviv and Heidelberg Universities (2004-2010).</subfield>
         <subfield code="g">Section Two.</subfield>
         <subfield code="t">Government and Administrative Center, Late Iron Age to the Early Hellenistic Period.</subfield>
         <subfield code="g">Chapter four.</subfield>
         <subfield code="t">Historical Introduction to the First Building Phase : Judah under Assyrian Rule.</subfield>
         <subfield code="g">Chapter Five.</subfield>
         <subfield code="t">First Building Phase (Late 8th/Early 7th Century BCE).</subfield>
         <subfield code="t">Ramat Raḥel : Jar Stamp Impression Center for c.500 Years /</subfield>
         <subfield code="r">Ido Koch --</subfield>
         <subfield code="t">lmlk Stamp Impressions /</subfield>
         <subfield code="r">Omer Sergi --</subfield>
         <subfield code="t">"Private" Stamp Impressions /</subfield>
         <subfield code="r">Ido Koch --</subfield>
         <subfield code="t">Ivory Seal of šlm (Son of) klkl : Discovered in the 2010 Excavation Season --</subfield>
      </datafield>
      <datafield tag="505" ind1="0" ind2="0">
         <subfield code="9"/>
         <subfield code="t">Concentric Circle Incisions on Jar Handles /</subfield>
         <subfield code="r">Omar Sergi --</subfield>
         <subfield code="t">Iron Age II Architectural Fragments at Ramat Raḥel /</subfield>
         <subfield code="r">Keren Ras.</subfield>
         <subfield code="g">Chapter Six.</subfield>
         <subfield code="t">Historical Introduction to the Second Building Phase : Judah under Egyptian and Babylonian Rule.</subfield>
         <subfield code="g">Chapter Seven.</subfield>
         <subfield code="t">Second Building Phase (Late 7th Century BCE).</subfield>
         <subfield code="t">Second building phase landscape designs /</subfield>
         <subfield code="r">Nirit Kedem --</subfield>
         <subfield code="t">The Royal Garden --</subfield>
         <subfield code="t">The royal garden and Ancient near eastern parallels /</subfield>
         <subfield code="r">Boaz Gross --</subfield>
         <subfield code="t">Water Instillations and Conspicuous Consumption --</subfield>
         <subfield code="t">Boundaries of the Building Complex and its Fortifications --</subfield>
         <subfield code="t">Inner Courtyard, Eastern Courtyard and Buildings inside the Complex --</subfield>
         <subfield code="t">Rosette Stamp Impressions on Jar Handles /</subfield>
         <subfield code="r">Ido Koch --</subfield>
         <subfield code="t">Dating the Second Building Phase --</subfield>
         <subfield code="t">Iron Age Pottery Vessels : Typology, Chronology and Use /</subfield>
         <subfield code="r">Liora Freud --</subfield>
         <subfield code="t">Elegant Trumpet-based krater : Equivalent to the Vessel from the "House of Bullae" in the City of David /</subfield>
         <subfield code="r">Liora Freud --</subfield>
      </datafield>
      <datafield tag="505" ind1="0" ind2="0">
         <subfield code="9"/>
         <subfield code="t">The King's Feast : Evidence for Palace Courtyard Ceremonies in the Second Building Phase --</subfield>
         <subfield code="t">Lion Stamp Impressions and their Significance for Understanding the Babylonian Period in Judah --</subfield>
         <subfield code="t">Three-Dimensional Palace Reconstruction of the Second Building Phase.</subfield>
         <subfield code="g">Chapter Eight.</subfield>
         <subfield code="t">Historical Introduction to the Third Building Phase : Judah under Persian Rule.</subfield>
         <subfield code="g">Chapter Nine.</subfield>
         <subfield code="t">Third Building Phase (Late 6th or 5th Century BCE).</subfield>
         <subfield code="t">The Persian Period Administrative Center at Ramat Raḥel --</subfield>
         <subfield code="t">Yehud Stamp Impressions on Jar Handles --</subfield>
         <subfield code="t">A Persian Period Garbage Pit Containing an Assemblage of yehud Stamped Jars --</subfield>
         <subfield code="t">Recreation of the Royal Garden Vegetation /</subfield>
         <subfield code="r">Dafna Langgut --</subfield>
         <subfield code="t">Twilight of the Administrative Center during the Early Hellenistic Period --</subfield>
         <subfield code="t">yršlm Stamp Impressions on Jard Handles /</subfield>
         <subfield code="r">Efrat Bocher.</subfield>
         <subfield code="g">Chapter Ten.</subfield>
         <subfield code="t">Destruction and Oblivescence of the Administrative Center in Ramat Raḥel.</subfield>
         <subfield code="g">Section Three.</subfield>
      </datafield>
      <datafield tag="505" ind1="0" ind2="0">
         <subfield code="9"/>
         <subfield code="t">From Government Center to Jewish Village : Ramat Raḥel between the Hasmonean Period and the First Jewish-Roman War.</subfield>
         <subfield code="g">Chapter Eleven.</subfield>
         <subfield code="t">Fourth Building Phase : the Hasmonean and Early Roman Periods.</subfield>
         <subfield code="t">Second Temple Period Ritual Baths in Ramat Raḥel /</subfield>
         <subfield code="r">Ronny Reich --</subfield>
         <subfield code="t">The Souther Columbarium /</subfield>
         <subfield code="r">Uri Davidovich --</subfield>
         <subfield code="t">The Tyrian Silver Coin Hoard in the Columbarium /</subfield>
         <subfield code="r">Yoav Farhi.</subfield>
         <subfield code="g">Section Four.</subfield>
         <subfield code="t">The Rural Settlement : Roman, Byzantine and Umayyad Periods to the Days of Kibbutz Ramat Raḥel.</subfield>
         <subfield code="g">Chapter Twelve.</subfield>
         <subfield code="t">Fifth Building Phase : Late Roman and Byzantine Period Settlements.</subfield>
         <subfield code="t">Rare Hadrian Bulla /</subfield>
         <subfield code="r">Yoav Farhi --</subfield>
         <subfield code="t">The Late Roman Period Graveyard /</subfield>
         <subfield code="r">Keren Ras.</subfield>
         <subfield code="g">Chapter Thirteen.</subfield>
         <subfield code="t">Abbasid to Ottoman Periods (660-1517 CE) /</subfield>
         <subfield code="r">Itamar Taxel.</subfield>
         <subfield code="g">Chapter Fourteen.</subfield>
         <subfield code="t">Coins and Hoards /</subfield>
         <subfield code="r">Yoav Farhi.</subfield>
         <subfield code="g">Chapter Fifteen.</subfield>
         <subfield code="t">Subterranean Space Survey in the Southern Ramat Raḥel Hilltop /</subfield>
         <subfield code="r">Uri Davidovich and Roi Porat.</subfield>
         <subfield code="g">Chapter Sixteen.</subfield>
      </datafield>
      <datafield tag="505" ind1="0" ind2="0">
         <subfield code="9"/>
         <subfield code="t">"Landscape Archaeology" in the Western Slopes or Ramat Raḥel /</subfield>
         <subfield code="r">Uri Davidovich.</subfield>
         <subfield code="g">Chapter Seventeen.</subfield>
         <subfield code="t">Modern Period : the Story of Kibbutz Ramat Raḥel /</subfield>
         <subfield code="r">Efrat Cocher --</subfield>
         <subfield code="t">Modern Fortifications /</subfield>
         <subfield code="r">Efrat Bocher.</subfield>
         <subfield code="t">Conclusion.</subfield>
         <subfield code="t">The Ramat Raḥel Excavations and a Few Thoughts about the Significance of Archaeology for Understand the History of Judah.</subfield>
      </datafield>
      <datafield tag="651" ind1=" " ind2="0">
         <subfield code="a">Ramat Raḥel (Israel)</subfield>
         <subfield code="x">Antiquities.</subfield>
      </datafield>
      <datafield tag="650" ind1=" " ind2="0">
         <subfield code="a">Excavations (Archaeology)</subfield>
         <subfield code="z">Israel</subfield>
         <subfield code="z">Ramat Raḥel.</subfield>
      </datafield>
      <datafield tag="651" ind1=" " ind2="7">
         <subfield code="a">Ramat Raḥel.</subfield>
         <subfield code="2">pleiades</subfield>
         <subfield code="0">https://pleiades.stoa.org/places/671109966</subfield>
      </datafield>
      <datafield tag="650" ind1=" " ind2="7">
         <subfield code="a">Antiquities.</subfield>
         <subfield code="2">fast</subfield>
         <subfield code="0">(OCoLC)fst00810745</subfield>
      </datafield>
      <datafield tag="650" ind1=" " ind2="7">
         <subfield code="a">Excavations (Archaeology)</subfield>
         <subfield code="2">fast</subfield>
         <subfield code="0">(OCoLC)fst00917564</subfield>
      </datafield>
      <datafield tag="651" ind1=" " ind2="7">
         <subfield code="a">Israel</subfield>
         <subfield code="z">Ramat Raḥel.</subfield>
         <subfield code="2">fast</subfield>
         <subfield code="0">(OCoLC)fst01252210</subfield>
      </datafield>
      <datafield tag="700" ind1="1" ind2=" ">
         <subfield code="a">Gadot, Yuval,</subfield>
         <subfield code="e">author.</subfield>
      </datafield>
      <datafield tag="700" ind1="1" ind2=" ">
         <subfield code="a">Arubas, Benny,</subfield>
         <subfield code="e">author.</subfield>
      </datafield>
      <datafield tag="700" ind1="1" ind2=" ">
         <subfield code="a">Oeming, Manfred,</subfield>
         <subfield code="e">author.</subfield>
      </datafield>
      <datafield tag="776" ind1="0" ind2="8">
         <subfield code="i">Online version:</subfield>
         <subfield code="a">Lipschitz, Oded, author.</subfield>
         <subfield code="t">What are the stones whispering?</subfield>
         <subfield code="d">Winona Lake, Indiana : Eisenbrauns, 2017</subfield>
         <subfield code="z">9781575064994</subfield>
         <subfield code="w">(DLC) 2016048594</subfield>
      </datafield>
      <datafield tag="OWN" ind1=" " ind2=" ">
         <subfield code="a">GENERAL</subfield>
      </datafield>
      <datafield tag="AVA" ind1=" " ind2=" ">
         <subfield code="a">NYU50</subfield>
         <subfield code="b">BOBST</subfield>
         <subfield code="c">Main Collection</subfield>
         <subfield code="d">DS110.R34 L575 2017</subfield>
         <subfield code="e">available</subfield>
         <subfield code="t">Available</subfield>
         <subfield code="f">1</subfield>
         <subfield code="g">0</subfield>
         <subfield code="h">N</subfield>
         <subfield code="i">0</subfield>
         <subfield code="j">MAIN</subfield>
         <subfield code="k">0</subfield>
      </datafield>
      <datafield tag="AVA" ind1=" " ind2=" ">
         <subfield code="a">NYU50</subfield>
         <subfield code="b">NISAW</subfield>
         <subfield code="c">Large Collection</subfield>
         <subfield code="d">DS110.R34 L575 2017 Non-circulating</subfield>
         <subfield code="e">available</subfield>
         <subfield code="t">Available</subfield>
         <subfield code="f">1</subfield>
         <subfield code="g">0</subfield>
         <subfield code="h">N</subfield>
         <subfield code="i">0</subfield>
         <subfield code="j">LARGE</subfield>
         <subfield code="k">0</subfield>
      </datafield>
      <marc:datafield tag="852" ind1=" " ind2=" ">
         <marc:subfield code="b">Institute for the Study of the Ancient World, </marc:subfield>
         <marc:subfield code="c">Large Collection</marc:subfield>
         <marc:subfield code="e">15 East 84th St., </marc:subfield>
         <marc:subfield code="e">New York, NY  10028</marc:subfield>
      </marc:datafield>
   </record>