
  
  
  
  
  
  
  
  
 
  
  <record xsi:schemaLocation="http://www.loc.gov/MARC21/slim http://www.loc.gov/standards/marcxml/schema/MARC21slim.xsd">
      <leader>00000cam a2200421 i 4500</leader>
      <controlfield tag="FMT">BK</controlfield>
      <controlfield tag="LDR">00000cam a2200421 i 4500</controlfield>
      <controlfield tag="001">004980613</controlfield>
      <controlfield tag="003">OCoLC</controlfield>
      <controlfield tag="005">20170502104722.0</controlfield>
      <controlfield tag="008">170502t20172017fr abe   b    111 0 fre d</controlfield>
      <datafield tag="020" ind1=" " ind2=" ">
         <subfield code="a">9782362450679</subfield>
      </datafield>
      <datafield tag="020" ind1=" " ind2=" ">
         <subfield code="a">2362450678</subfield>
      </datafield>
      <datafield tag="035" ind1=" " ind2=" ">
         <subfield code="a">(OCoLC)985104324</subfield>
      </datafield>
      <datafield tag="040" ind1=" " ind2=" ">
         <subfield code="a">ZYU</subfield>
         <subfield code="b">eng</subfield>
         <subfield code="e">rda</subfield>
         <subfield code="c">ZYU</subfield>
         <subfield code="d">ZYU</subfield>
      </datafield>
      <datafield tag="041" ind1="0" ind2=" ">
         <subfield code="a">fre</subfield>
         <subfield code="a">eng</subfield>
         <subfield code="a">tur</subfield>
         <subfield code="a">hit</subfield>
         <subfield code="a">ind</subfield>
      </datafield>
      <datafield tag="043" ind1=" " ind2=" ">
         <subfield code="a">a-tu---</subfield>
      </datafield>
      <datafield tag="050" ind1=" " ind2="4">
         <subfield code="a">DS155</subfield>
         <subfield code="b">.R46 2014</subfield>
      </datafield>
      <datafield tag="079" ind1=" " ind2=" ">
         <subfield code="a">(OCoLC)985104324</subfield>
      </datafield>
      <datafield tag="111" ind1="2" ind2=" ">
         <subfield code="a">Rencontres d'archéologie de l'IFEA</subfield>
         <subfield code="n">(5th :</subfield>
         <subfield code="d">2014 :</subfield>
         <subfield code="c">Istanbul, Turkey)</subfield>
      </datafield>
      <datafield tag="245" ind1="1" ind2="0">
         <subfield code="a">Hittitology today :</subfield>
         <subfield code="b">studies on Hittite and neo-Hittite Anatolia in honor of Emmanuel Laroche's 100th birthday = L'hittitologie aujourd'hui : études sur l'Anatolie hittite et néo-hittite à l'occasion du centenaire de la naissance d'Emmanuel Laroche /</subfield>
         <subfield code="c">Alice Mouton, éd.</subfield>
      </datafield>
      <datafield tag="246" ind1="3" ind2="1">
         <subfield code="a">Hittitologie aujourd'hui :</subfield>
         <subfield code="b">études sur l'Anatolie hittite et néo-hittite à l'occasion du centenaire de la naissance d'Emmanuel Laroche</subfield>
      </datafield>
      <datafield tag="264" ind1=" " ind2="1">
         <subfield code="a">[Paris] :</subfield>
         <subfield code="b">Institut Français d'Études Anatoliennes Georges Dumézil,</subfield>
         <subfield code="c">[2017]</subfield>
      </datafield>
      <datafield tag="264" ind1=" " ind2="4">
         <subfield code="c">©2017</subfield>
      </datafield>
      <datafield tag="300" ind1=" " ind2=" ">
         <subfield code="a">xv, 306 pages :</subfield>
         <subfield code="b">black-and-white illustrations, maps, plans ;</subfield>
         <subfield code="c">28 cm</subfield>
      </datafield>
      <datafield tag="336" ind1=" " ind2=" ">
         <subfield code="a">text</subfield>
         <subfield code="b">txt</subfield>
         <subfield code="2">rdacontent</subfield>
      </datafield>
      <datafield tag="337" ind1=" " ind2=" ">
         <subfield code="a">unmediated</subfield>
         <subfield code="b">n</subfield>
         <subfield code="2">rdamedia</subfield>
      </datafield>
      <datafield tag="338" ind1=" " ind2=" ">
         <subfield code="a">volume</subfield>
         <subfield code="b">nc</subfield>
         <subfield code="2">rdacarrier</subfield>
      </datafield>
      <datafield tag="500" ind1=" " ind2=" ">
         <subfield code="a">Proceedings of a conference held November 21-22, 2014 in Istanbul.</subfield>
      </datafield>
      <datafield tag="504" ind1=" " ind2=" ">
         <subfield code="a">Includes bibliographical references and indexes.</subfield>
      </datafield>
      <datafield tag="546" ind1=" " ind2=" ">
         <subfield code="a">Contributions in French, English, or Turkish; contains texts in Hittite, Luwian, and Lycian.</subfield>
      </datafield>
      <datafield tag="505" ind1="0" ind2="0">
         <subfield code="g">I.</subfield>
         <subfield code="t">Linguisitque, grammaire et épigraphie.</subfield>
         <subfield code="t">Syntax of the Hittite "supine" construction /</subfield>
         <subfield code="r">Harry A. Hffner, Jr. et Craig Melchert --</subfield>
         <subfield code="t">Agreement patterns of collective nouns in Hittite /</subfield>
         <subfield code="r">Elisabeth Rieken --</subfield>
         <subfield code="t">Yayınlanmamiş bazı Bo tabletlerine yeni duplikat ve paralel metinler /</subfield>
         <subfield code="r">Rukiye Akdoğan --</subfield>
         <subfield code="t">The Luwian title of the great king /</subfield>
         <subfield code="r">Ilya Yakubovich --</subfield>
         <subfield code="t">A new hieroglpyhic Luwian epigraph : Urfa-Külafli Tepe /</subfield>
         <subfield code="r">Massimo Poetto --</subfield>
         <subfield code="t">Old and newly discovered Lycian inscriptions from Tlos /</subfield>
         <subfield code="r">Recai Tekoğlu.</subfield>
         <subfield code="g">II.</subfield>
         <subfield code="t">Philologie et histoire des religions.</subfield>
         <subfield code="t">A new interpretation of the Hittite expression šarā ar- /</subfield>
         <subfield code="r">Willemijn Waal --</subfield>
         <subfield code="t">Sandas in translation /</subfield>
         <subfield code="r">Ian Rutherford --</subfield>
         <subfield code="t">L'individu et son corps en Anatolie hittite : un nouveau project /</subfield>
         <subfield code="r">Alice Mouton --</subfield>
         <subfield code="t">Kubaba in the Hittite Empire and the consequences for her expansion to western Anatolia /</subfield>
         <subfield code="r">Manfred Hutter.</subfield>
         <subfield code="g">III.</subfield>
         <subfield code="t">Histoire et géographie historique.</subfield>
      </datafield>
      <datafield tag="505" ind1="0" ind2="0">
         <subfield code="9"/>
         <subfield code="t">Le rôle de Purušḫanda dans l'histoire hittite /</subfield>
         <subfield code="r">Massimo Forlanini --</subfield>
         <subfield code="t">The Hurrian language in Anatolia in the late Bronze Age /</subfield>
         <subfield code="r">Stefano de Martino --</subfield>
         <subfield code="t">An alternative view on the location of Arzawa /</subfield>
         <subfield code="r">Max Gander --</subfield>
         <subfield code="t">Preliminary report of the Fasıllar survey /</subfield>
         <subfield code="r">Yiğit Erbil --</subfield>
         <subfield code="t">The northern border of Tabal /</subfield>
         <subfield code="r">Zsolt Simon.</subfield>
         <subfield code="g">IV.</subfield>
         <subfield code="t">Archéologie.</subfield>
         <subfield code="t">Cult and ritual at late Bronze Age II Alalakh : hybridity and power under Hittite administration /</subfield>
         <subfield code="r">K. Aslıhan Yener --</subfield>
         <subfield code="t">A new tablet fragment and a sealed pottery fragment from Alacahöyük /</subfield>
         <subfield code="r">Belkıs Dinçol --</subfield>
         <subfield code="t">Le site de Zeyve-Höyük-Porsuk aux époques hittite et néo-hittite : remarques sur la succession des systèmes défensifs /</subfield>
         <subfield code="r">Dominque Beyer et Françoise Laroche-Traunecker.</subfield>
         <subfield code="g">V.</subfield>
         <subfield code="t">Historiographie.</subfield>
         <subfield code="t">Laroche and the seals of Meskene-Emar /</subfield>
         <subfield code="r">J. David Hawkins --</subfield>
         <subfield code="t">What do we understand in Hurrian? /</subfield>
         <subfield code="r">Susanne Görke --</subfield>
      </datafield>
      <datafield tag="505" ind1="0" ind2="0">
         <subfield code="9"/>
         <subfield code="t">Ein philologisch-sprachwissenschaftlicher Blick auf de Forgang der Lykischen studien seit Emmanuel Laroche /</subfield>
         <subfield code="r">Heiner Eichner.</subfield>
      </datafield>
      <datafield tag="650" ind1=" " ind2="0">
         <subfield code="a">Hittites</subfield>
         <subfield code="v">Congresses.</subfield>
      </datafield>
      <datafield tag="651" ind1=" " ind2="0">
         <subfield code="a">Turkey</subfield>
         <subfield code="x">Antiquities</subfield>
         <subfield code="v">Congresses.</subfield>
      </datafield>
      <datafield tag="650" ind1=" " ind2="0">
         <subfield code="a">Excavations (Archaeology)</subfield>
         <subfield code="z">Turkey</subfield>
         <subfield code="v">Congresses.</subfield>
      </datafield>
      <datafield tag="650" ind1=" " ind2="0">
         <subfield code="a">Anatolian languages</subfield>
         <subfield code="v">Congresses.</subfield>
      </datafield>
      <datafield tag="700" ind1="1" ind2=" ">
         <subfield code="a">Mouton, Alice,</subfield>
         <subfield code="e">editor.</subfield>
      </datafield>
      <datafield tag="700" ind1="1" ind2=" ">
         <subfield code="a">Laroche, Emmanuel,</subfield>
         <subfield code="e">honoree.</subfield>
      </datafield>
      <datafield tag="710" ind1="2" ind2=" ">
         <subfield code="a">Institut français d'études anatoliennes d'Istanbul,</subfield>
         <subfield code="e">issuing body.</subfield>
      </datafield>
      <datafield tag="994" ind1=" " ind2=" ">
         <subfield code="a">Z0</subfield>
         <subfield code="b">ZYU</subfield>
      </datafield>
      <datafield tag="OWN" ind1=" " ind2=" ">
         <subfield code="a">GENERAL</subfield>
      </datafield>
      <datafield tag="AVA" ind1=" " ind2=" ">
         <subfield code="a">NYU50</subfield>
         <subfield code="b">NISAW</subfield>
         <subfield code="c">Large Collection</subfield>
         <subfield code="d">DS155 .R46 2014 Non-circulating</subfield>
         <subfield code="e">available</subfield>
         <subfield code="t">Available</subfield>
         <subfield code="f">1</subfield>
         <subfield code="g">0</subfield>
         <subfield code="h">N</subfield>
         <subfield code="i">0</subfield>
         <subfield code="j">LARGE</subfield>
         <subfield code="k">0</subfield>
      </datafield>
      <marc:datafield tag="852" ind1=" " ind2=" ">
         <marc:subfield code="b">Institute for the Study of the Ancient World, </marc:subfield>
         <marc:subfield code="c">Large Collection</marc:subfield>
         <marc:subfield code="e">15 East 84th St., </marc:subfield>
         <marc:subfield code="e">New York, NY  10028</marc:subfield>
      </marc:datafield>
   </record>