
  
  
  
  
  
  
  
  
  
  
 
  
  <record xsi:schemaLocation="http://www.loc.gov/MARC21/slim http://www.loc.gov/standards/marcxml/schema/MARC21slim.xsd">
      <leader>00000cam a2200673Ja 4500</leader>
      <controlfield tag="FMT">BK</controlfield>
      <controlfield tag="LDR">00000cam a2200673Ja 4500</controlfield>
      <controlfield tag="001">001275870</controlfield>
      <controlfield tag="003">OCoLC</controlfield>
      <controlfield tag="005">20170731125143.0</controlfield>
      <controlfield tag="008">960805s1997    cauab    b    100 0 eng</controlfield>
      <datafield tag="010" ind1=" " ind2=" ">
         <subfield code="a">96030938</subfield>
      </datafield>
      <datafield tag="020" ind1=" " ind2=" ">
         <subfield code="a">0892364165</subfield>
      </datafield>
      <datafield tag="020" ind1=" " ind2=" ">
         <subfield code="a">9780892364169</subfield>
      </datafield>
      <datafield tag="035" ind1=" " ind2=" ">
         <subfield code="a">(OCoLC)35280501</subfield>
      </datafield>
      <datafield tag="040" ind1=" " ind2=" ">
         <subfield code="a">DLC</subfield>
         <subfield code="b">eng</subfield>
         <subfield code="c">DLC</subfield>
         <subfield code="d">YDX</subfield>
         <subfield code="d">OCL</subfield>
         <subfield code="d">BAKER</subfield>
         <subfield code="d">NLGGC</subfield>
         <subfield code="d">BTCTA</subfield>
         <subfield code="d">YDXCP</subfield>
         <subfield code="d">LVB</subfield>
         <subfield code="d">OCLCG</subfield>
         <subfield code="d">OCLCQ</subfield>
         <subfield code="d">CS1</subfield>
         <subfield code="d">OCLCO</subfield>
         <subfield code="d">OCLCF</subfield>
         <subfield code="d">JPG</subfield>
         <subfield code="d">OCLCQ</subfield>
         <subfield code="d">OCLCO</subfield>
         <subfield code="d">OCL</subfield>
         <subfield code="d">OCLCO</subfield>
         <subfield code="d">OCLCQ</subfield>
         <subfield code="d">ZYU</subfield>
      </datafield>
      <datafield tag="043" ind1=" " ind2=" ">
         <subfield code="a">a-cc---</subfield>
      </datafield>
      <datafield tag="050" ind1="0" ind2="0">
         <subfield code="a">ND2849.T86</subfield>
         <subfield code="b">C66 1997</subfield>
      </datafield>
      <datafield tag="079" ind1=" " ind2=" ">
         <subfield code="a">(OCoLC)35280501</subfield>
      </datafield>
      <datafield tag="082" ind1="0" ind2="0">
         <subfield code="a">704.9/48943/095145</subfield>
         <subfield code="2">20</subfield>
      </datafield>
      <datafield tag="084" ind1=" " ind2=" ">
         <subfield code="a">20.41</subfield>
         <subfield code="2">bcl</subfield>
      </datafield>
      <datafield tag="245" ind1="0" ind2="0">
         <subfield code="a">Conservation of ancient sites on the Silk Road :</subfield>
         <subfield code="b">proceedings of an international conference on the conservation of grotto sites /</subfield>
         <subfield code="c">edited by Neville Agnew.</subfield>
      </datafield>
      <datafield tag="260" ind1=" " ind2=" ">
         <subfield code="a">Los Angeles :</subfield>
         <subfield code="b">Getty Conservation Institute,</subfield>
         <subfield code="c">©1997.</subfield>
      </datafield>
      <datafield tag="300" ind1=" " ind2=" ">
         <subfield code="a">xvi, 404 pages :</subfield>
         <subfield code="b">illustrations, maps ;</subfield>
         <subfield code="c">30 cm</subfield>
      </datafield>
      <datafield tag="336" ind1=" " ind2=" ">
         <subfield code="a">text</subfield>
         <subfield code="b">txt</subfield>
         <subfield code="2">rdacontent</subfield>
      </datafield>
      <datafield tag="337" ind1=" " ind2=" ">
         <subfield code="a">unmediated</subfield>
         <subfield code="b">n</subfield>
         <subfield code="2">rdamedia</subfield>
      </datafield>
      <datafield tag="338" ind1=" " ind2=" ">
         <subfield code="a">volume</subfield>
         <subfield code="b">nc</subfield>
         <subfield code="2">rdacarrier</subfield>
      </datafield>
      <datafield tag="500" ind1=" " ind2=" ">
         <subfield code="a">ISAW copy is from the library of Susan L. Beningson.</subfield>
         <subfield code="5">NyNyUAW</subfield>
      </datafield>
      <datafield tag="500" ind1=" " ind2=" ">
         <subfield code="a">"Conference organized by the Getty Conservation Institute, the Dunhuang Academy, and the Chinese National Institute of Cultural Property."</subfield>
      </datafield>
      <datafield tag="504" ind1=" " ind2=" ">
         <subfield code="a">Includes bibliographical references.</subfield>
      </datafield>
      <datafield tag="505" ind1="0" ind2="0">
         <subfield code="t">Dunhuang Art : The Treasure of the Silk Road /</subfield>
         <subfield code="r">Duan Wenjie --</subfield>
         <subfield code="t">An Overview of Protection of Grottoes in China /</subfield>
         <subfield code="r">Huang Kezhong --</subfield>
         <subfield code="t">Fifty Years of Protection of the Dunhuang Grottoes /</subfield>
         <subfield code="r">Fan Jinshi --</subfield>
         <subfield code="t">Projects of the Getty Conservation Institute and the State Bureau of Cultural Relics : The Mogao and Yungang Grottoes /</subfield>
         <subfield code="r">Neville Agnew, Huang Kezhong --</subfield>
         <subfield code="t">The Management of Ancient Chinese Cave Temples : A Site-Management Training Course at the Yungang Grottoes /</subfield>
         <subfield code="r">Sharon Sullivan --</subfield>
         <subfield code="t">Management of Tourism at Buddhist Sites /</subfield>
         <subfield code="r">Robertson E. Collins --</subfield>
         <subfield code="t">The Dambulla Rock Temple Complex, Sri Lanka : Ten Years of Management, Research, and Conservation /</subfield>
         <subfield code="r">Senake Bandaranayake --</subfield>
         <subfield code="t">Site Management lessons from Canyon de Chelly, Lascaux, Sigiriya, and Bamian /</subfield>
         <subfield code="r">Jeffrey W. Cody --</subfield>
         <subfield code="t">The role of documentation in defining conservation strategies at Grotto sites /</subfield>
         <subfield code="r">Stephen Rickerby --</subfield>
         <subfield code="t">Conservation Survey of the Tam Ting Caves /</subfield>
         <subfield code="r">Benita Johnson --</subfield>
      </datafield>
      <datafield tag="505" ind1="0" ind2="0">
         <subfield code="9"/>
         <subfield code="t">Complexity and Communication : Principles of In Situ Conservation /</subfield>
         <subfield code="r">Sharon Cather --</subfield>
         <subfield code="t">The Treatment of Two Chinese Wall Painting Fragments /</subfield>
         <subfield code="r">Cynthia Luk [and 4 others] --</subfield>
         <subfield code="t">Paintings on Silk and Paper from Dunhuang at the British Museum : Conservation Methods /</subfield>
         <subfield code="r">Lore Erwine Fleming --</subfield>
         <subfield code="t">Conservation Treatment of Two Ming Dynasty Temple Wall Paintings /</subfield>
         <subfield code="r">Eric Gordon --</subfield>
         <subfield code="t">Research on protection of ancient floor tiles in the Mogao grottoes /</subfield>
         <subfield code="r">Gao Nianzu, Jia Ruiguang, Wang Jinyu --</subfield>
         <subfield code="t">Chinese Wall Painting and a Palace Hall Ceiling : Materials, Technique, and Conservation /</subfield>
         <subfield code="r">Sally Malenka, Beth A. Price --</subfield>
         <subfield code="t">The Conservation of Tempera Mural Paintings and Architectural Finishes /</subfield>
         <subfield code="r">Constance S. Silver --</subfield>
         <subfield code="t">Geotechnical Issues in the Conservation of Sites /</subfield>
         <subfield code="r">Robert E. Englekirk --</subfield>
         <subfield code="t">Review of Stabilization Projects at the Mogao Grottoes /</subfield>
         <subfield code="r">Sun Rujian --</subfield>
         <subfield code="t">Stabilization and Consolidation of the Kizil Grottoes /</subfield>
         <subfield code="r">Jiang Huaying, Huang Kezhong --</subfield>
      </datafield>
      <datafield tag="505" ind1="0" ind2="0">
         <subfield code="9"/>
         <subfield code="t">Application of Cartridge-Type Grouting in Grotto Conservation /</subfield>
         <subfield code="r">Zhong Shihang --</subfield>
         <subfield code="t">Techniques for Reinforcement of the Maijishan Grottoes /</subfield>
         <subfield code="r">Yi Wuzhi, Lang Xiangui --</subfield>
         <subfield code="t">Chemical Consolidation of Conglomerate and sand at the Mogao Grottoes /</subfield>
         <subfield code="r">Li Zuixiong, Neville Agnew, Po-Mong Lin --</subfield>
         <subfield code="t">Research into the Control of Damage by Windblown Sand at the Mogao Grottoes /</subfield>
         <subfield code="r">Ling Yuquan [and 3 others] --</subfield>
         <subfield code="t">Desert-Adapted Plants for Control of Windblown Sand /</subfield>
         <subfield code="r">Po-Ming Lin [and 3 others] --</subfield>
         <subfield code="t">Conservation of the Engraved Rock Wall in the Temiya Cave, Japan /</subfield>
         <subfield code="r">Akito Uchida --</subfield>
         <subfield code="t">Geological Environment of the Mogao Grottoes at Dunhuang /</subfield>
         <subfield code="r">Nobuaki Kuchitsu, Duan Xiuye --</subfield>
         <subfield code="t">Geotechnical Stability Problems of the Dafosi Grotto /</subfield>
         <subfield code="r">Gerd Gudehus, Thomas Neidhart --</subfield>
         <subfield code="t">Conservation of Subterranean Historic and Prehistoric Monuments The Importance of the Environment and Microclimate /</subfield>
         <subfield code="r">Jacques Brunet, Jean VouvŽ, Philippe Malaurent --</subfield>
      </datafield>
      <datafield tag="505" ind1="0" ind2="0">
         <subfield code="9"/>
         <subfield code="t">Deposition of Atmospheric Particles within the Yungang Grottoes /</subfield>
         <subfield code="r">Christos S. Christoforou, Lynn G. Salmon, Glen R. Cass --</subfield>
         <subfield code="t">Control of Particle Deposition within the Yungang Grottoes /</subfield>
         <subfield code="r">Christos S. Christoforou [and 3 others] --</subfield>
         <subfield code="t">Microclimate of Cave Temples 53 and 194, Mogao grottoes /</subfield>
         <subfield code="r">Sadatoshi Miura [and 3 others] --</subfield>
         <subfield code="t">Environmental Monitoring at the Mogao Grottoes /</subfield>
         <subfield code="r">Shin Maekawa [and 4 others] --</subfield>
         <subfield code="t">A Nondestructive Method for Determining Weathering and Consolidation of Stone /</subfield>
         <subfield code="r">Zhong Shihang, Huang Kezhong --</subfield>
         <subfield code="t">Investigations of the Deterioration and Conservation of the Dafosi Grotto /</subfield>
         <subfield code="r">He Ling [and 3 others] --</subfield>
         <subfield code="t">Color Change of Pigments in the Mogao Grottoes of Dunhuang /</subfield>
         <subfield code="r">Nobuaki Kuchitsu [and 4 others] --</subfield>
         <subfield code="t">Analysis of Wall Painting Fragments from the Mogao and the Bingling Temple Grottoes /</subfield>
         <subfield code="r">Ian N.M. Wainwright [and 3 others] --</subfield>
         <subfield code="t">Color Measurement at the Mogao Grottoes /</subfield>
         <subfield code="r">Michael R. Schilling [and 5 others] --</subfield>
      </datafield>
      <datafield tag="505" ind1="0" ind2="0">
         <subfield code="9"/>
         <subfield code="t">Scientific Examination of the Sculptural Polychromy of Cave 6 at Yungang /</subfield>
         <subfield code="r">Francesca Pique --</subfield>
         <subfield code="t">Pigment Analysis of Polychrome Statuary and Wall Paintings of the Tiantishan Grottoes /</subfield>
         <subfield code="r">Zhou Guoxin, Zhang Jianquan, Cheng Huaiwan --</subfield>
         <subfield code="t">Lead Isotope Analyses of Some Chinese and Central Asian pigments /</subfield>
         <subfield code="r">Robert H. Brill [and 3 others] --</subfield>
         <subfield code="t">Formation and stability of Chinese Barium Copper-Silicate pigments /</subfield>
         <subfield code="r">Hans G. Wiedemann, Gerhard Bayer --</subfield>
         <subfield code="t">The Polychrome Terra-cotta Army of the First Emperor Qin Shi Huang /</subfield>
         <subfield code="r">Wu Y. Onggi [and 4 others].</subfield>
      </datafield>
      <datafield tag="650" ind1=" " ind2="0">
         <subfield code="a">Mural painting and decoration, Chinese</subfield>
         <subfield code="x">Conservation and restoration</subfield>
         <subfield code="z">China</subfield>
         <subfield code="z">Dunhuang Caves</subfield>
         <subfield code="v">Congresses.</subfield>
      </datafield>
      <datafield tag="650" ind1=" " ind2="0">
         <subfield code="a">Buddhist art</subfield>
         <subfield code="x">Conservation and restoration</subfield>
         <subfield code="z">China</subfield>
         <subfield code="z">Dunhuang Caves</subfield>
         <subfield code="v">Congresses.</subfield>
      </datafield>
      <datafield tag="650" ind1=" " ind2="0">
         <subfield code="a">Buddhist cave temples</subfield>
         <subfield code="x">Conservation and restoration</subfield>
         <subfield code="z">China</subfield>
         <subfield code="z">Dunhuang Caves</subfield>
         <subfield code="v">Congresses.</subfield>
      </datafield>
      <datafield tag="651" ind1=" " ind2="0">
         <subfield code="a">Dunhuang Caves (China)</subfield>
         <subfield code="x">Antiquities</subfield>
         <subfield code="v">Congresses.</subfield>
      </datafield>
      <datafield tag="650" ind1=" " ind2="7">
         <subfield code="a">Antiquities.</subfield>
         <subfield code="2">fast</subfield>
         <subfield code="0">(OCoLC)fst00810745</subfield>
      </datafield>
      <datafield tag="650" ind1=" " ind2="7">
         <subfield code="a">Buddhist art</subfield>
         <subfield code="x">Conservation and restoration.</subfield>
         <subfield code="2">fast</subfield>
         <subfield code="0">(OCoLC)fst01727579</subfield>
      </datafield>
      <datafield tag="650" ind1=" " ind2="7">
         <subfield code="a">Buddhist cave temples</subfield>
         <subfield code="x">Conservation and restoration.</subfield>
         <subfield code="2">fast</subfield>
         <subfield code="0">(OCoLC)fst01727589</subfield>
      </datafield>
      <datafield tag="650" ind1=" " ind2="7">
         <subfield code="a">Mural painting and decoration, Chinese</subfield>
         <subfield code="x">Conservation and restoration.</subfield>
         <subfield code="2">fast</subfield>
         <subfield code="0">(OCoLC)fst01029618</subfield>
      </datafield>
      <datafield tag="651" ind1=" " ind2="7">
         <subfield code="a">China</subfield>
         <subfield code="z">Dunhuang Caves.</subfield>
         <subfield code="2">fast</subfield>
         <subfield code="0">(OCoLC)fst01240618</subfield>
      </datafield>
      <datafield tag="655" ind1=" " ind2="7">
         <subfield code="a">Conference papers and proceedings.</subfield>
         <subfield code="2">fast</subfield>
         <subfield code="0">(OCoLC)fst01423772</subfield>
      </datafield>
      <datafield tag="650" ind1=" " ind2="0">
         <subfield code="a">Mural painting and decoration, Chinese</subfield>
         <subfield code="x">Conservation and restoration</subfield>
         <subfield code="z">Silk Road</subfield>
         <subfield code="v">Congresses.</subfield>
      </datafield>
      <datafield tag="650" ind1=" " ind2="0">
         <subfield code="a">Buddhist art</subfield>
         <subfield code="x">Conservation and restoration</subfield>
         <subfield code="z">Silk Road</subfield>
         <subfield code="v">Congresses.</subfield>
      </datafield>
      <datafield tag="650" ind1=" " ind2="0">
         <subfield code="a">Buddhist cave temples</subfield>
         <subfield code="x">Conservation and restoration</subfield>
         <subfield code="z">Silk Road</subfield>
         <subfield code="v">Congresses.</subfield>
      </datafield>
      <datafield tag="651" ind1=" " ind2="0">
         <subfield code="a">Silk Road</subfield>
         <subfield code="x">Antiquities</subfield>
         <subfield code="v">Congresses.</subfield>
      </datafield>
      <datafield tag="700" ind1="1" ind2=" ">
         <subfield code="a">Beningson, Susan L.,</subfield>
         <subfield code="e">former owner.</subfield>
         <subfield code="5">NyNyUAW</subfield>
      </datafield>
      <datafield tag="740" ind1="0" ind2=" ">
         <subfield code="a">Beningson Collection.</subfield>
         <subfield code="5">NyNyUAW</subfield>
      </datafield>
      <datafield tag="700" ind1="1" ind2=" ">
         <subfield code="a">Agnew, Neville,</subfield>
         <subfield code="d">1938-</subfield>
      </datafield>
      <datafield tag="710" ind1="2" ind2=" ">
         <subfield code="a">Getty Conservation Institute.</subfield>
      </datafield>
      <datafield tag="710" ind1="2" ind2=" ">
         <subfield code="a">Dunhuang yan jiu yuan (China)</subfield>
      </datafield>
      <datafield tag="710" ind1="2" ind2=" ">
         <subfield code="a">Zhongguo wen wu yan jiu suo.</subfield>
      </datafield>
      <datafield tag="711" ind1="2" ind2=" ">
         <subfield code="a">International Conference on the Conservation of Grotto Sites</subfield>
         <subfield code="d">(1993 :</subfield>
         <subfield code="c">Mogao Grottoes, Dunhuang)</subfield>
      </datafield>
      <datafield tag="776" ind1="0" ind2="8">
         <subfield code="i">Online version:</subfield>
         <subfield code="t">Conservation of ancient sites on the Silk Road.</subfield>
         <subfield code="d">Los Angeles : Getty Conservation Institute, ©1997</subfield>
         <subfield code="w">(OCoLC)605350774</subfield>
      </datafield>
      <datafield tag="856" ind1="4" ind2="1">
         <subfield code="3">Getty Publications Virtual Library</subfield>
         <subfield code="u">http://www.getty.edu/publications/virtuallibrary/0892364165.html</subfield>
      </datafield>
      <datafield tag="OWN" ind1=" " ind2=" ">
         <subfield code="a">GENERAL</subfield>
      </datafield>
      <datafield tag="AVA" ind1=" " ind2=" ">
         <subfield code="a">NYU50</subfield>
         <subfield code="b">NIFAC</subfield>
         <subfield code="c">Main Collection</subfield>
         <subfield code="d">ND2849.T86 C66 1997 Non-circulating</subfield>
         <subfield code="e">available</subfield>
         <subfield code="t">Available</subfield>
         <subfield code="f">1</subfield>
         <subfield code="g">0</subfield>
         <subfield code="h">N</subfield>
         <subfield code="i">0</subfield>
         <subfield code="j">MAIN</subfield>
         <subfield code="k">0</subfield>
      </datafield>
      <datafield tag="AVA" ind1=" " ind2=" ">
         <subfield code="a">NYU50</subfield>
         <subfield code="b">NISAW</subfield>
         <subfield code="c">Large Collection</subfield>
         <subfield code="d">ND2849.T86 C66 1997 Non-circulating</subfield>
         <subfield code="e">available</subfield>
         <subfield code="t">Available</subfield>
         <subfield code="f">1</subfield>
         <subfield code="g">0</subfield>
         <subfield code="h">N</subfield>
         <subfield code="i">0</subfield>
         <subfield code="j">LARGE</subfield>
         <subfield code="k">0</subfield>
      </datafield>
      <marc:datafield tag="852" ind1=" " ind2=" ">
         <marc:subfield code="b">Institute for the Study of the Ancient World, </marc:subfield>
         <marc:subfield code="c">Large Collection</marc:subfield>
         <marc:subfield code="e">15 East 84th St., </marc:subfield>
         <marc:subfield code="e">New York, NY  10028</marc:subfield>
      </marc:datafield>
   </record>