
  
  
  
  
  
  
  
  
  
 
  
  <record xsi:schemaLocation="http://www.loc.gov/MARC21/slim http://www.loc.gov/standards/marcxml/schema/MARC21slim.xsd">
      <leader>00000cam a2200505Ii 4500</leader>
      <controlfield tag="FMT">BK</controlfield>
      <controlfield tag="LDR">00000cam a2200505Ii 4500</controlfield>
      <controlfield tag="001">004980622</controlfield>
      <controlfield tag="003">OCoLC</controlfield>
      <controlfield tag="005">20170804095553.0</controlfield>
      <controlfield tag="008">170502s2017    gw c     b    001 0 ger d</controlfield>
      <datafield tag="020" ind1=" " ind2=" ">
         <subfield code="a">9783515116848</subfield>
      </datafield>
      <datafield tag="020" ind1=" " ind2=" ">
         <subfield code="a">3515116842</subfield>
      </datafield>
      <datafield tag="035" ind1=" " ind2=" ">
         <subfield code="a">(OCoLC)985106811</subfield>
      </datafield>
      <datafield tag="040" ind1=" " ind2=" ">
         <subfield code="a">ZYU</subfield>
         <subfield code="b">eng</subfield>
         <subfield code="e">rda</subfield>
         <subfield code="c">ZYU</subfield>
         <subfield code="d">ZYU</subfield>
         <subfield code="d">OCLCF</subfield>
         <subfield code="d">ZYU</subfield>
      </datafield>
      <datafield tag="041" ind1="0" ind2=" ">
         <subfield code="a">ger</subfield>
         <subfield code="a">ita</subfield>
      </datafield>
      <datafield tag="043" ind1=" " ind2=" ">
         <subfield code="a">f-ua---</subfield>
      </datafield>
      <datafield tag="050" ind1=" " ind2="4">
         <subfield code="a">KL2814.5</subfield>
         <subfield code="b">.R87 2017</subfield>
      </datafield>
      <datafield tag="079" ind1=" " ind2=" ">
         <subfield code="a">(OCoLC)985106811</subfield>
      </datafield>
      <datafield tag="100" ind1="1" ind2=" ">
         <subfield code="a">Rupprecht, Hans-Albert,</subfield>
         <subfield code="d">1938-</subfield>
         <subfield code="e">author.</subfield>
      </datafield>
      <datafield tag="245" ind1="1" ind2="0">
         <subfield code="a">Beiträge zur juluristischen Papyrologie :</subfield>
         <subfield code="b">kleine Schriften</subfield>
         <subfield code="c">Hans-Albert Rupprecht, hersauagegeben von Andrea Jördens.</subfield>
      </datafield>
      <datafield tag="264" ind1=" " ind2="1">
         <subfield code="a">Stuttgart :</subfield>
         <subfield code="b">Franz Steiner Verlag,</subfield>
         <subfield code="c">[2017]</subfield>
      </datafield>
      <datafield tag="300" ind1=" " ind2=" ">
         <subfield code="a">XIII, 408 pages :</subfield>
         <subfield code="b">portrait ;</subfield>
         <subfield code="c">25 cm</subfield>
      </datafield>
      <datafield tag="336" ind1=" " ind2=" ">
         <subfield code="a">text</subfield>
         <subfield code="b">txt</subfield>
         <subfield code="2">rdacontent</subfield>
      </datafield>
      <datafield tag="337" ind1=" " ind2=" ">
         <subfield code="a">unmediated</subfield>
         <subfield code="b">n</subfield>
         <subfield code="2">rdamedia</subfield>
      </datafield>
      <datafield tag="338" ind1=" " ind2=" ">
         <subfield code="a">volume</subfield>
         <subfield code="b">nc</subfield>
         <subfield code="2">rdacarrier</subfield>
      </datafield>
      <datafield tag="490" ind1="1" ind2=" ">
         <subfield code="a">Altertumswissenschaft</subfield>
      </datafield>
      <datafield tag="546" ind1=" " ind2=" ">
         <subfield code="a">German, with one contribution in Italian.</subfield>
      </datafield>
      <datafield tag="500" ind1=" " ind2=" ">
         <subfield code="a">Selected articles written between 1981 and 2016.</subfield>
      </datafield>
      <datafield tag="504" ind1=" " ind2=" ">
         <subfield code="a">Includes bibliographical references (pages 257-266) and indexes.</subfield>
      </datafield>
      <datafield tag="505" ind1="0" ind2="0">
         <subfield code="t">Papyrologie Allgemein.</subfield>
         <subfield code="t">Zu Entwiklung Stand und Aufgaben der juristischen Papyrologie --</subfield>
         <subfield code="t">I papiri giuridici di Firenze --</subfield>
         <subfield code="t">Griechen und Ägypter : Vielfalt des Rechtsleben nach den Papyri.</subfield>
         <subfield code="t">Schuldrecht.</subfield>
         <subfield code="t">Zum Vorkaufsrecht der Gemeinschafter nach den Papyri --</subfield>
         <subfield code="t">Zu Voraussetzungen, Umfang und Herkunft des Vorkausfsrechts der Gemeinschafter nach den Papyri --</subfield>
         <subfield code="t">Βεβαίώσις und Nichtangriffsklausel : Zur Funktion zweier Urkundsklauseln in den griechischen Papyri bis Diocletian --</subfield>
         <subfield code="t">Die Eviktionshaftung in der Kautelarpraxis der graeco-aegyptischen Papyri --</subfield>
         <subfield code="t">Die “Bebaiosis” : Zur Entiwicklung und der räumlich-zeitlichen Varianten einer Urkundsklausel in den graeco-ägyptischen Papyri --</subfield>
         <subfield code="t">Vertragliche Mischtypen in den Papyri --</subfield>
         <subfield code="t">Rechtsübertragung in den Papyri : Zur Entwicklung von Parachoresis und Ekchoresis.</subfield>
         <subfield code="t">Sachenrecht.</subfield>
         <subfield code="t">Die Ananeosis in den gräko-ägyptischen Papyri --</subfield>
         <subfield code="t">Zur Antichrese in den griechischen Papyri bis Diokletian --</subfield>
         <subfield code="t">Die dinglichen Sicherungsrecht nach der Praxis der Papyri : Eine Übersicht über den urkundlichen Befund --</subfield>
         <subfield code="t">Zwangsvollstreckung und dingliche Sicherung in den Papyri der ptolemäischen und römischen Zeit --</subfield>
         <subfield code="t">Veräusserungsverbot und Gewährleistung in pfandrechtlichen Geschäften.</subfield>
         <subfield code="t">Familien- und Erbrecht.</subfield>
         <subfield code="t">Zur Frage der Frauentutel im römischen Ägypten --</subfield>
         <subfield code="t">Ehevertragliche Regelungen und urkundliche Praxis --</subfield>
         <subfield code="t">Ehevertrag und Erbrecht --</subfield>
         <subfield code="t">Zum Ehegattenerbrect nach den Papyri --</subfield>
         <subfield code="t">Die Sorge für die Älteren nach den Papyri --</subfield>
         <subfield code="t">Die Vererblichkeit von Grund und Boden im ptolemäischen Ägypten.</subfield>
         <subfield code="t">Vertragsrecht.</subfield>
         <subfield code="t">Die Systasis : eine besondere Gestaltung in der Praxis der Papyri --</subfield>
         <subfield code="t">Die Beendigung von Vertragsverhältnissen : Überlegungen zur Rechtswirklichkeit anhand der Pacht.</subfield>
         <subfield code="t">Urkunderswesen.</subfield>
         <subfield code="t">Urkundsformular und Wirklichkeit : Bemerkungen zur prakischen Bedeutung einer Urkundsklausel --</subfield>
      </datafield>
      <datafield tag="505" ind1="8" ind2="0">
         <subfield code="t">Sechs-Zeugenurkunde und Registrierung.</subfield>
         <subfield code="t">Deliktsrecht.</subfield>
         <subfield code="t">Straftaten und Rechtsschutz nach den griechischen Papyri der ptolemäischen Zeit --</subfield>
         <subfield code="t">Hybris : Anmerkungen zu einem Delikt in den Papyri der ptolemäischen und römischen Zeit.</subfield>
         <subfield code="t">Prozesse.</subfield>
         <subfield code="t">Ein Verfahren ohne Ende : Der Prozess der Drusilla --</subfield>
         <subfield code="t">Die Streitigkeiten zwischen Satabus und Nestnephis.</subfield>
         <subfield code="t">Öffentliches Recht.</subfield>
         <subfield code="t">Ein Münchner Papyrus zum Provinzial-Zensus --</subfield>
         <subfield code="t">Rechtsmittel gegen die Bestellung zu Liturgien nach den Papyri --</subfield>
         <subfield code="t">Tώv Aίyυπτίωί vóμoι.</subfield>
      </datafield>
      <datafield tag="650" ind1=" " ind2="0">
         <subfield code="a">Egyptian law</subfield>
         <subfield code="v">Sources.</subfield>
      </datafield>
      <datafield tag="650" ind1=" " ind2="0">
         <subfield code="a">Manuscripts, Greek (Papyri)</subfield>
      </datafield>
      <datafield tag="650" ind1=" " ind2="0">
         <subfield code="a">Law, Greek</subfield>
         <subfield code="v">Sources.</subfield>
      </datafield>
      <datafield tag="650" ind1=" " ind2="0">
         <subfield code="a">Roman law</subfield>
         <subfield code="v">Sources.</subfield>
      </datafield>
      <datafield tag="651" ind1=" " ind2="0">
         <subfield code="a">Egypt</subfield>
         <subfield code="x">History</subfield>
         <subfield code="y">Greco-Roman period, 332 B.C.-640 A.D.</subfield>
         <subfield code="v">Sources.</subfield>
      </datafield>
      <datafield tag="650" ind1=" " ind2="7">
         <subfield code="a">Egyptian law.</subfield>
         <subfield code="2">fast</subfield>
         <subfield code="0">(OCoLC)fst00903964</subfield>
      </datafield>
      <datafield tag="650" ind1=" " ind2="7">
         <subfield code="a">Law, Greek.</subfield>
         <subfield code="2">fast</subfield>
         <subfield code="0">(OCoLC)fst00994212</subfield>
      </datafield>
      <datafield tag="650" ind1=" " ind2="7">
         <subfield code="a">Manuscripts, Greek (Papyri)</subfield>
         <subfield code="2">fast</subfield>
         <subfield code="0">(OCoLC)fst01008356</subfield>
      </datafield>
      <datafield tag="650" ind1=" " ind2="7">
         <subfield code="a">Roman law.</subfield>
         <subfield code="2">fast</subfield>
         <subfield code="0">(OCoLC)fst01099759</subfield>
      </datafield>
      <datafield tag="651" ind1=" " ind2="7">
         <subfield code="a">Egypt.</subfield>
         <subfield code="2">fast</subfield>
         <subfield code="0">(OCoLC)fst01208755</subfield>
      </datafield>
      <datafield tag="648" ind1=" " ind2="7">
         <subfield code="a">332 B.C.-640 A.D.</subfield>
         <subfield code="2">fast</subfield>
      </datafield>
      <datafield tag="655" ind1=" " ind2="7">
         <subfield code="a">History.</subfield>
         <subfield code="2">fast</subfield>
         <subfield code="0">(OCoLC)fst01411628</subfield>
      </datafield>
      <datafield tag="655" ind1=" " ind2="7">
         <subfield code="a">Sources.</subfield>
         <subfield code="2">fast</subfield>
         <subfield code="0">(OCoLC)fst01423900</subfield>
      </datafield>
      <datafield tag="700" ind1="1" ind2=" ">
         <subfield code="a">Jördens, Andrea,</subfield>
         <subfield code="e">editor.</subfield>
      </datafield>
      <datafield tag="830" ind1=" " ind2="0">
         <subfield code="a">Altertumswissenschaften (Stuttgart, Gemany)</subfield>
      </datafield>
      <datafield tag="880" ind1="0" ind2="0">
         <subfield code="9"/>
         <subfield code="t">Die dinglichen Sicherungsrecht nach der Praxis der Papyri : Eine Übersicht über den urkundlichen Befund --</subfield>
         <subfield code="t">Zwangsvollstreckung und dingliche Sicherung in den Papyri der ptolemäischen und römischen Zeit --</subfield>
         <subfield code="t">Veräusserungsverbot und Gewährleistung in pfandrechtlichen Geschäften.</subfield>
         <subfield code="t">Familien- und Erbrecht.</subfield>
         <subfield code="t">Zur Frage der Frauentutel im römischen Ägypten --</subfield>
         <subfield code="t">Ehevertragliche Regelungen und urkundliche Praxis --</subfield>
         <subfield code="t">Ehevertrag und Erbrecht --</subfield>
         <subfield code="t">Zum Ehegattenerbrect nach den Papyri --</subfield>
         <subfield code="t">Die Sorge für die Älteren nach den Papyri --</subfield>
         <subfield code="t">Die Vererblichkeit von Grund und Boden im ptolemäischen Ägypten.</subfield>
         <subfield code="t">Vertragsrecht.</subfield>
         <subfield code="t">Die Systasis : eine besondere Gestaltung in der Praxis der Papyri --</subfield>
         <subfield code="t">Die Beendigung von Vertragsverhältnissen : Überlegungen zur Rechtswirklichkeit anhand der Pacht.</subfield>
         <subfield code="t">Urkunderswesen.</subfield>
         <subfield code="t">Urkundsformular und Wirklichkeit : Bemerkungen zur prakischen Bedeutung einer Urkundsklausel --</subfield>
         <subfield code="t">Sechs-Zeugenurkunde und Registrierung.</subfield>
         <subfield code="t">Deliktsrecht.</subfield>
      </datafield>
      <datafield tag="880" ind1="0" ind2="0">
         <subfield code="9"/>
         <subfield code="t">Straftaten und Rechtsschutz nach den griechischen Papyri der ptolemäischen Zeit --</subfield>
         <subfield code="t">Hybris : Anmerkungen zu einem Delikt in den Papyri der ptolemäischen und römischen Zeit.</subfield>
         <subfield code="t">Prozesse.</subfield>
         <subfield code="t">Ein Verfahren ohne Ende : Der Prozess der Drusilla --</subfield>
         <subfield code="t">Die Streitigkeiten zwischen Satabus und Nestnephis.</subfield>
         <subfield code="t">Öffentliches Recht.</subfield>
         <subfield code="t">Ein Münchner Papyrus zum Provinzial-Zensus --</subfield>
         <subfield code="t">Rechtsmittel gegen die Bestellung zu Liturgien nach den Papyri --</subfield>
         <subfield code="t">Tώv Aίyυπτίωί vóμoι.</subfield>
      </datafield>
      <datafield tag="OWN" ind1=" " ind2=" ">
         <subfield code="a">GENERAL</subfield>
      </datafield>
      <datafield tag="AVA" ind1=" " ind2=" ">
         <subfield code="a">NYU50</subfield>
         <subfield code="b">NISAW</subfield>
         <subfield code="c">Small Collection</subfield>
         <subfield code="d">KL2814.5 .R87 2017 Non-circulating</subfield>
         <subfield code="e">available</subfield>
         <subfield code="t">Available</subfield>
         <subfield code="f">1</subfield>
         <subfield code="g">0</subfield>
         <subfield code="h">N</subfield>
         <subfield code="i">0</subfield>
         <subfield code="j">SMALL</subfield>
         <subfield code="k">0</subfield>
      </datafield>
      <marc:datafield tag="852" ind1=" " ind2=" ">
         <marc:subfield code="b">Institute for the Study of the Ancient World, </marc:subfield>
         <marc:subfield code="c">Small Collection</marc:subfield>
         <marc:subfield code="e">15 East 84th St., </marc:subfield>
         <marc:subfield code="e">New York, NY  10028</marc:subfield>
      </marc:datafield>
   </record>