
  
  
  
  
  
  
  
  
 
  
  <record xsi:schemaLocation="http://www.loc.gov/MARC21/slim http://www.loc.gov/standards/marcxml/schema/MARC21slim.xsd">
      <leader>00000cam a22005774a 4500</leader>
      <controlfield tag="FMT">BK</controlfield>
      <controlfield tag="LDR">00000cam a22005774a 4500</controlfield>
      <controlfield tag="001">001628714</controlfield>
      <controlfield tag="003">OCoLC</controlfield>
      <controlfield tag="005">20170505160013.0</controlfield>
      <controlfield tag="008">990927s2000    mauab    b    001 0 eng</controlfield>
      <datafield tag="010" ind1=" " ind2=" ">
         <subfield code="a">99047954</subfield>
      </datafield>
      <datafield tag="015" ind1=" " ind2=" ">
         <subfield code="a">GBA043387</subfield>
         <subfield code="2">bnb</subfield>
      </datafield>
      <datafield tag="020" ind1=" " ind2=" ">
         <subfield code="a">0674503708</subfield>
         <subfield code="q">(alk. paper)</subfield>
      </datafield>
      <datafield tag="020" ind1=" " ind2=" ">
         <subfield code="a">9780674503700</subfield>
         <subfield code="q">(alk. paper)</subfield>
      </datafield>
      <datafield tag="020" ind1=" " ind2=" ">
         <subfield code="a">071410888X</subfield>
         <subfield code="q">(UK) ;</subfield>
         <subfield code="q">alk. paper)</subfield>
      </datafield>
      <datafield tag="020" ind1=" " ind2=" ">
         <subfield code="a">9780714108889</subfield>
         <subfield code="q">(UK) ;</subfield>
         <subfield code="q">alk. paper)</subfield>
      </datafield>
      <datafield tag="035" ind1=" " ind2=" ">
         <subfield code="a">(OCoLC)42475644</subfield>
         <subfield code="z">(OCoLC)44485459</subfield>
      </datafield>
      <datafield tag="040" ind1=" " ind2=" ">
         <subfield code="a">DLC</subfield>
         <subfield code="b">eng</subfield>
         <subfield code="c">DLC</subfield>
         <subfield code="d">C#P</subfield>
         <subfield code="d">UKM</subfield>
         <subfield code="d">YAM</subfield>
         <subfield code="d">CUY</subfield>
         <subfield code="d">BAKER</subfield>
         <subfield code="d">BTCTA</subfield>
         <subfield code="d">YDXCP</subfield>
         <subfield code="d">IG#</subfield>
         <subfield code="d">CNCGM</subfield>
         <subfield code="d">PBE</subfield>
         <subfield code="d">OCLCF</subfield>
         <subfield code="d">OCLCQ</subfield>
         <subfield code="d">ZYU</subfield>
      </datafield>
      <datafield tag="042" ind1=" " ind2=" ">
         <subfield code="a">pcc</subfield>
      </datafield>
      <datafield tag="043" ind1=" " ind2=" ">
         <subfield code="a">a-tu---</subfield>
      </datafield>
      <datafield tag="050" ind1="0" ind2="0">
         <subfield code="a">TN761</subfield>
         <subfield code="b">.R36 2000</subfield>
      </datafield>
      <datafield tag="079" ind1=" " ind2=" ">
         <subfield code="a">(OCoLC)42475644</subfield>
      </datafield>
      <datafield tag="082" ind1="0" ind2="0">
         <subfield code="a">669/.22/093922</subfield>
         <subfield code="2">21</subfield>
      </datafield>
      <datafield tag="100" ind1="1" ind2=" ">
         <subfield code="a">Ramage, Andrew.</subfield>
      </datafield>
      <datafield tag="245" ind1="1" ind2="0">
         <subfield code="a">King Croesus' gold :</subfield>
         <subfield code="b">excavations at Sardis and the history of gold refining /</subfield>
         <subfield code="c">Andrew Ramage and Paul Craddock ; with contributions by M.R. Cowell [and others].</subfield>
      </datafield>
      <datafield tag="260" ind1=" " ind2=" ">
         <subfield code="a">Cambridge, Mass :</subfield>
         <subfield code="b">Archaeological Exploration of Sardis, Harvard University Art Museums, in association with the British Museum Press,</subfield>
         <subfield code="c">2000.</subfield>
      </datafield>
      <datafield tag="300" ind1=" " ind2=" ">
         <subfield code="a">272 pages :</subfield>
         <subfield code="b">illustrations (some color), maps ;</subfield>
         <subfield code="c">29 cm.</subfield>
      </datafield>
      <datafield tag="336" ind1=" " ind2=" ">
         <subfield code="a">text</subfield>
         <subfield code="b">txt</subfield>
         <subfield code="2">rdacontent</subfield>
      </datafield>
      <datafield tag="337" ind1=" " ind2=" ">
         <subfield code="a">unmediated</subfield>
         <subfield code="b">n</subfield>
         <subfield code="2">rdamedia</subfield>
      </datafield>
      <datafield tag="338" ind1=" " ind2=" ">
         <subfield code="a">volume</subfield>
         <subfield code="b">nc</subfield>
         <subfield code="2">rdacarrier</subfield>
      </datafield>
      <datafield tag="490" ind1="1" ind2=" ">
         <subfield code="a">Archaeological exploration of Sardis ;</subfield>
         <subfield code="v">11</subfield>
      </datafield>
      <datafield tag="500" ind1=" " ind2=" ">
         <subfield code="a">ISAW copy is from the library of David I. Owen.</subfield>
         <subfield code="5">NyNyUAW</subfield>
      </datafield>
      <datafield tag="504" ind1=" " ind2=" ">
         <subfield code="a">Includes bibliographical references (pages 257-267) and index.</subfield>
      </datafield>
      <datafield tag="505" ind1="0" ind2="0">
         <subfield code="t">Golden Sardis /</subfield>
         <subfield code="r">A. Ramage --</subfield>
         <subfield code="t">Historical survey of gold refining: surface treatments and refining worldwide, and in Europe prior to A.D. 1500 /</subfield>
         <subfield code="r">P.T. Craddock --</subfield>
         <subfield code="t">Historical survey of gold refining: post-medieval Europe /</subfield>
         <subfield code="r">P.T. Craddock --</subfield>
         <subfield code="t">The excavations and finds /</subfield>
         <subfield code="r">A. Ramage --</subfield>
         <subfield code="t">Scanning electron microscopy of the refractory remains and the gold /</subfield>
         <subfield code="r">N.D. Meeks --</subfield>
         <subfield code="t">Scientific examination of some ceramic materials and samples of litharge /</subfield>
         <subfield code="r">A.P. Middleton, D.R. Hook, M.S. Humphrey --</subfield>
         <subfield code="t">Scientific examination of the Lydian precious metal coinages /</subfield>
         <subfield code="r">M.R. Cowell, K. Hyne --</subfield>
         <subfield code="t">Replication experiments and the chemistry of gold refining /</subfield>
         <subfield code="r">P.T. Craddock --</subfield>
         <subfield code="t">Examination of the Sardis gold and the replication experiments /</subfield>
         <subfield code="r">A.E. Geçkinli, H. Özbal, P.T. Craddock, N.D Meeks --</subfield>
         <subfield code="t">Reconstruction of the salt cementation process at the Sardis refinery /</subfield>
         <subfield code="r">P.T. Craddock.</subfield>
      </datafield>
      <datafield tag="520" ind1="1" ind2=" ">
         <subfield code="a">"The fabulous wealth of the Lydians, derived from the gold of the river Pactolus in which King Midas bathed, may be the stuff of legend, but the essence of the stories is firmly founded on fact. Lydia, in what is now western Turkey, enjoyed enormous prosperity during the first millennium BC, and in the late seventh century BC the world's first precious metal coinage was made there. The continuing Archaeological Exploration of Sardis has excavated the remains of a gold refinery at the site, dating from the sixth century BC at the very inception of bimetallic coinage." "This book gives a full account of the excavations of the furnaces and hearths which comprise the refinery and of the detailed scientific analysis carried out at the Department of Scientific Research in the British Museum which has made it possible to reconstruct the process. Also included are a scientific examination of the Lydian coinage and the first authoritative history of early gold refining and assaying technology around the world, from its inception to the post-medieval period."--Jacket.</subfield>
      </datafield>
      <datafield tag="650" ind1=" " ind2="0">
         <subfield code="a">Gold</subfield>
         <subfield code="x">Refining</subfield>
         <subfield code="z">Turkey</subfield>
         <subfield code="z">Sardis (Extinct city)</subfield>
         <subfield code="x">History.</subfield>
      </datafield>
      <datafield tag="651" ind1=" " ind2="0">
         <subfield code="a">Sardis (Extinct city)</subfield>
      </datafield>
      <datafield tag="650" ind1=" " ind2="0">
         <subfield code="a">Excavations (Archaeology)</subfield>
         <subfield code="z">Turkey</subfield>
         <subfield code="z">Sardis (Extinct city)</subfield>
      </datafield>
      <datafield tag="651" ind1=" " ind2="7">
         <subfield code="a">Sardis/Hyde?</subfield>
         <subfield code="2">pleiades</subfield>
         <subfield code="0">https://pleiades.stoa.org/places/550867</subfield>
      </datafield>
      <datafield tag="650" ind1=" " ind2="7">
         <subfield code="a">Gold</subfield>
         <subfield code="x">Refining.</subfield>
         <subfield code="2">fast</subfield>
         <subfield code="0">(OCoLC)fst00944394</subfield>
      </datafield>
      <datafield tag="651" ind1=" " ind2="7">
         <subfield code="a">Turkey</subfield>
         <subfield code="z">Sardis (Extinct city)</subfield>
         <subfield code="2">fast</subfield>
         <subfield code="0">(OCoLC)fst01896894</subfield>
      </datafield>
      <datafield tag="655" ind1=" " ind2="7">
         <subfield code="a">History.</subfield>
         <subfield code="2">fast</subfield>
         <subfield code="0">(OCoLC)fst01411628</subfield>
      </datafield>
      <datafield tag="700" ind1="1" ind2=" ">
         <subfield code="a">Owen, David I.,</subfield>
         <subfield code="e">former owner.</subfield>
         <subfield code="5">NyNyUAW</subfield>
      </datafield>
      <datafield tag="740" ind1="0" ind2=" ">
         <subfield code="a">Owen Collection.</subfield>
         <subfield code="5">NyNyUAW</subfield>
      </datafield>
      <datafield tag="700" ind1="1" ind2=" ">
         <subfield code="a">Craddock, P. T.</subfield>
         <subfield code="q">(Paul T.)</subfield>
      </datafield>
      <datafield tag="830" ind1=" " ind2="0">
         <subfield code="a">Monograph (Archaeological Exploration of Sardis (Program)) ;</subfield>
         <subfield code="v">11.</subfield>
      </datafield>
      <datafield tag="OWN" ind1=" " ind2=" ">
         <subfield code="a">GENERAL</subfield>
      </datafield>
      <datafield tag="980" ind1=" " ind2=" ">
         <subfield code="a">000524</subfield>
         <subfield code="b">75.00</subfield>
         <subfield code="e">61.50</subfield>
         <subfield code="f">308444</subfield>
         <subfield code="g">1</subfield>
      </datafield>
      <datafield tag="AVA" ind1=" " ind2=" ">
         <subfield code="a">NYU50</subfield>
         <subfield code="b">BOBST</subfield>
         <subfield code="c">Main Collection</subfield>
         <subfield code="d">TN761 .R36 2000</subfield>
         <subfield code="e">available</subfield>
         <subfield code="t">Available</subfield>
         <subfield code="f">2</subfield>
         <subfield code="g">0</subfield>
         <subfield code="h">N</subfield>
         <subfield code="i">4</subfield>
         <subfield code="j">MAIN</subfield>
         <subfield code="k">0</subfield>
      </datafield>
      <datafield tag="AVA" ind1=" " ind2=" ">
         <subfield code="a">NYU50</subfield>
         <subfield code="b">NISAW</subfield>
         <subfield code="c">Large Collection</subfield>
         <subfield code="d">TN761 .R36 2000 Non-circulating</subfield>
         <subfield code="e">available</subfield>
         <subfield code="t">Available</subfield>
         <subfield code="f">1</subfield>
         <subfield code="g">0</subfield>
         <subfield code="h">N</subfield>
         <subfield code="i">0</subfield>
         <subfield code="j">LARGE</subfield>
         <subfield code="k">0</subfield>
      </datafield>
      <marc:datafield tag="852" ind1=" " ind2=" ">
         <marc:subfield code="b">Institute for the Study of the Ancient World, </marc:subfield>
         <marc:subfield code="c">Large Collection</marc:subfield>
         <marc:subfield code="e">15 East 84th St., </marc:subfield>
         <marc:subfield code="e">New York, NY  10028</marc:subfield>
      </marc:datafield>
   </record>