
  
  
  
  
  
  
  
  
  
  
  
  
 
  
  <record xsi:schemaLocation="http://www.loc.gov/MARC21/slim http://www.loc.gov/standards/marcxml/schema/MARC21slim.xsd">
      <leader>00000cam a2200565Ii 4500</leader>
      <controlfield tag="FMT">BK</controlfield>
      <controlfield tag="LDR">00000cam a2200565Ii 4500</controlfield>
      <controlfield tag="001">004149027</controlfield>
      <controlfield tag="003">OCoLC</controlfield>
      <controlfield tag="005">20170522103604.0</controlfield>
      <controlfield tag="008">150529s2015    gw ab    b    100 0 eng d</controlfield>
      <datafield tag="016" ind1="7" ind2=" ">
         <subfield code="a">1045221872</subfield>
         <subfield code="2">DE-101</subfield>
      </datafield>
      <datafield tag="020" ind1=" " ind2=" ">
         <subfield code="a">9783770557400</subfield>
         <subfield code="q">(Fink ;</subfield>
         <subfield code="q">hd. bd.)</subfield>
      </datafield>
      <datafield tag="020" ind1=" " ind2=" ">
         <subfield code="a">3770557409</subfield>
         <subfield code="q">(Fink ;</subfield>
         <subfield code="q">hd. bd.)</subfield>
      </datafield>
      <datafield tag="020" ind1=" " ind2=" ">
         <subfield code="a">9783506766380</subfield>
         <subfield code="q">(Schöningh ;</subfield>
         <subfield code="q">hd. bd.)</subfield>
      </datafield>
      <datafield tag="020" ind1=" " ind2=" ">
         <subfield code="a">3506766384</subfield>
         <subfield code="q">(Schöningh ;</subfield>
         <subfield code="q">hd. bd.)</subfield>
      </datafield>
      <datafield tag="024" ind1="3" ind2=" ">
         <subfield code="a">9783770557400</subfield>
      </datafield>
      <datafield tag="035" ind1="7" ind2=" ">
         <subfield code="a">har130628218</subfield>
      </datafield>
      <datafield tag="035" ind1=" " ind2=" ">
         <subfield code="a">(OCoLC)910512323</subfield>
      </datafield>
      <datafield tag="040" ind1=" " ind2=" ">
         <subfield code="a">OHX</subfield>
         <subfield code="b">eng</subfield>
         <subfield code="c">OHX</subfield>
         <subfield code="d">OCLCO</subfield>
         <subfield code="d">OCLCQ</subfield>
         <subfield code="d">HLS</subfield>
         <subfield code="d">OCLCO</subfield>
         <subfield code="d">OCLCQ</subfield>
         <subfield code="d">OCLCF</subfield>
         <subfield code="d">OCLCO</subfield>
         <subfield code="d">TEF</subfield>
         <subfield code="d">OCLCO</subfield>
         <subfield code="d">YDX</subfield>
         <subfield code="d">OCLCQ</subfield>
         <subfield code="d">OCLCO</subfield>
         <subfield code="d">TSC</subfield>
      </datafield>
      <datafield tag="041" ind1="0" ind2=" ">
         <subfield code="a">eng</subfield>
         <subfield code="a">ger</subfield>
      </datafield>
      <datafield tag="043" ind1=" " ind2=" ">
         <subfield code="a">mm-----</subfield>
      </datafield>
      <datafield tag="050" ind1=" " ind2="4">
         <subfield code="a">DE59</subfield>
         <subfield code="b">.M85 2015</subfield>
      </datafield>
      <datafield tag="072" ind1=" " ind2="7">
         <subfield code="a">DE</subfield>
         <subfield code="2">lcco</subfield>
      </datafield>
      <datafield tag="079" ind1=" " ind2=" ">
         <subfield code="a">(OCoLC)910512323</subfield>
      </datafield>
      <datafield tag="245" ind1="0" ind2="0">
         <subfield code="a">Multiple Mediterranean realities :</subfield>
         <subfield code="b">current approaches to spaces, resources, and connectivities /</subfield>
         <subfield code="c">Achim Lichtenberger, Constance von Rüden (eds.).</subfield>
      </datafield>
      <datafield tag="260" ind1=" " ind2=" ">
         <subfield code="a">[Paderborn] :</subfield>
         <subfield code="b">Wilhelm Fink ;</subfield>
         <subfield code="a">Paderborn :</subfield>
         <subfield code="b">Ferdinand Schöningh,</subfield>
         <subfield code="c">[2015]</subfield>
      </datafield>
      <datafield tag="300" ind1=" " ind2=" ">
         <subfield code="a">311 pages :</subfield>
         <subfield code="b">illustrations, maps ;</subfield>
         <subfield code="c">24 cm.</subfield>
      </datafield>
      <datafield tag="336" ind1=" " ind2=" ">
         <subfield code="a">text</subfield>
         <subfield code="b">txt</subfield>
         <subfield code="2">rdacontent</subfield>
      </datafield>
      <datafield tag="337" ind1=" " ind2=" ">
         <subfield code="a">unmediated</subfield>
         <subfield code="b">n</subfield>
         <subfield code="2">rdamedia</subfield>
      </datafield>
      <datafield tag="338" ind1=" " ind2=" ">
         <subfield code="a">volume</subfield>
         <subfield code="b">nc</subfield>
         <subfield code="2">rdacarrier</subfield>
      </datafield>
      <datafield tag="490" ind1="1" ind2=" ">
         <subfield code="a">Mittelmeerstudien ;</subfield>
         <subfield code="v">Band 6</subfield>
      </datafield>
      <datafield tag="500" ind1=" " ind2=" ">
         <subfield code="a">International conference proceedings.</subfield>
      </datafield>
      <datafield tag="500" ind1=" " ind2=" ">
         <subfield code="a">1 German, 13 English contributions.</subfield>
      </datafield>
      <datafield tag="504" ind1=" " ind2=" ">
         <subfield code="a">Includes bibliographical references.</subfield>
      </datafield>
      <datafield tag="505" ind1="0" ind2="0">
         <subfield code="g"/>
         <subfield code="g">Introduction:</subfield>
         <subfield code="t">Multiple Mediterranean Realities: Spaces, Resources and Connectivities /</subfield>
         <subfield code="r">Constance Von Rüden and Achim Lichtenberger.</subfield>
         <subfield code="t">Spaces.</subfield>
         <subfield code="t">Prehistoric Cyprus: A 'Crossroads' of Interaction? /</subfield>
         <subfield code="r">A. Bernard Knapp --</subfield>
         <subfield code="t">Making the Way through the Sea: Experiencing Mediterranean Seascapes in the Second Millennium B.C.E. /</subfield>
         <subfield code="r">Constance von Rüden --</subfield>
         <subfield code="t">Opportunity in Scarcity: Environment and Economy on Aegina /</subfield>
         <subfield code="r">Gudrun Klebinder-Gauss and Walter Gauss --</subfield>
         <subfield code="t">Multiple Mediterranean Forces: Guido von Kaschnitz Weinberg's Mediterranean Art /</subfield>
         <subfield code="r">Achim Lichtenberger --</subfield>
         <subfield code="t">Schizophrenic Urban Reality: The Changing Urban Landscapes of the Mediterranean Region and Developmental Influences /</subfield>
         <subfield code="r">Lorraine Farrelly and Andrea Vernini.</subfield>
         <subfield code="t">Resources.</subfield>
         <subfield code="t">Mineral Resources and Connectivity in the Mediterranean and its Hinterland /</subfield>
         <subfield code="r">Thomas Stöllner --</subfield>
         <subfield code="t">The Trojan Palladion: Visual Expression of a pan-Mediterranean Identity in Antiquity? /</subfield>
         <subfield code="r">Stefan Riedel --</subfield>
         <subfield code="t">Perpetration and Perpetuation: The Persistence of Reciprocal Stereotypes in the Geo-Politics of Mediterranean Culture /</subfield>
         <subfield code="r">Michael Herzfeld --</subfield>
         <subfield code="t">Mittelmeer-Blues: Musik und postkoloniale Melancholie /</subfield>
         <subfield code="r">Iain Chambers.</subfield>
         <subfield code="t">Connectivities.</subfield>
         <subfield code="t">Crossing the Sea: The Translation of Relics to and from North Africa /</subfield>
         <subfield code="r">Stefan Altekamp --</subfield>
         <subfield code="t">Some Thoughts on the Carolingians and the Mediterranean: Theories, Terminology and Realities /</subfield>
         <subfield code="r">Sebastian Kolditz --</subfield>
         <subfield code="t">The Return of Ulysses: Varieties of the 'New Mediterranean' between Mediterraneanism and Southern Thought /</subfield>
         <subfield code="r">Martin Baumeister --</subfield>
         <subfield code="t">Transnational mobilitieis, digital media and cultural resources /</subfield>
         <subfield code="r">Heidrun Friese.</subfield>
      </datafield>
      <datafield tag="651" ind1=" " ind2="0">
         <subfield code="a">Mediterranean Region</subfield>
         <subfield code="x">Antiquities</subfield>
         <subfield code="v">Congresses.</subfield>
      </datafield>
      <datafield tag="650" ind1=" " ind2="0">
         <subfield code="a">Space archaeology</subfield>
         <subfield code="z">Mediterranean Region</subfield>
         <subfield code="v">Congresses.</subfield>
      </datafield>
      <datafield tag="650" ind1=" " ind2="0">
         <subfield code="a">Ethnology</subfield>
         <subfield code="z">Mediterranean Region</subfield>
         <subfield code="v">Congresses.</subfield>
      </datafield>
      <datafield tag="651" ind1=" " ind2="0">
         <subfield code="a">Mediterranean Region</subfield>
         <subfield code="x">History</subfield>
         <subfield code="v">Congresses.</subfield>
      </datafield>
      <datafield tag="650" ind1=" " ind2="7">
         <subfield code="a">Antiquities.</subfield>
         <subfield code="2">fast</subfield>
         <subfield code="0">(OCoLC)fst00810745</subfield>
      </datafield>
      <datafield tag="650" ind1=" " ind2="7">
         <subfield code="a">Ethnology.</subfield>
         <subfield code="2">fast</subfield>
         <subfield code="0">(OCoLC)fst00916106</subfield>
      </datafield>
      <datafield tag="650" ind1=" " ind2="7">
         <subfield code="a">Space archaeology.</subfield>
         <subfield code="2">fast</subfield>
         <subfield code="0">(OCoLC)fst01748124</subfield>
      </datafield>
      <datafield tag="651" ind1=" " ind2="7">
         <subfield code="a">Mediterranean Region.</subfield>
         <subfield code="2">fast</subfield>
         <subfield code="0">(OCoLC)fst01239752</subfield>
      </datafield>
      <datafield tag="655" ind1=" " ind2="7">
         <subfield code="a">Conference papers and proceedings.</subfield>
         <subfield code="2">fast</subfield>
         <subfield code="0">(OCoLC)fst01423772</subfield>
      </datafield>
      <datafield tag="655" ind1=" " ind2="7">
         <subfield code="a">History.</subfield>
         <subfield code="2">fast</subfield>
         <subfield code="0">(OCoLC)fst01411628</subfield>
      </datafield>
      <datafield tag="700" ind1="1" ind2=" ">
         <subfield code="a">Lichtenberger, Achim.</subfield>
      </datafield>
      <datafield tag="700" ind1="1" ind2=" ">
         <subfield code="a">Rüden, Constance von.</subfield>
      </datafield>
      <datafield tag="830" ind1=" " ind2="0">
         <subfield code="a">Mittelmeerstudien (Paderborn, Germany) ;</subfield>
         <subfield code="v">Bd. 6.</subfield>
      </datafield>
      <datafield tag="OWN" ind1=" " ind2=" ">
         <subfield code="a">GENERAL</subfield>
      </datafield>
      <datafield tag="AVA" ind1=" " ind2=" ">
         <subfield code="a">NYU50</subfield>
         <subfield code="b">BOBST</subfield>
         <subfield code="c">Main Collection</subfield>
         <subfield code="d">DE59 .M85 2015</subfield>
         <subfield code="e">available</subfield>
         <subfield code="t">Available</subfield>
         <subfield code="f">1</subfield>
         <subfield code="g">0</subfield>
         <subfield code="h">N</subfield>
         <subfield code="i">1</subfield>
         <subfield code="j">MAIN</subfield>
         <subfield code="k">0</subfield>
      </datafield>
      <datafield tag="AVA" ind1=" " ind2=" ">
         <subfield code="a">NYU50</subfield>
         <subfield code="b">NISAW</subfield>
         <subfield code="c">Small Collection</subfield>
         <subfield code="d">DE59 .M85 2015 Non-circulating</subfield>
         <subfield code="e">available</subfield>
         <subfield code="t">Available</subfield>
         <subfield code="f">1</subfield>
         <subfield code="g">0</subfield>
         <subfield code="h">N</subfield>
         <subfield code="i">0</subfield>
         <subfield code="j">SMALL</subfield>
         <subfield code="k">0</subfield>
      </datafield>
      <marc:datafield tag="852" ind1=" " ind2=" ">
         <marc:subfield code="b">Institute for the Study of the Ancient World, </marc:subfield>
         <marc:subfield code="c">Small Collection</marc:subfield>
         <marc:subfield code="e">15 East 84th St., </marc:subfield>
         <marc:subfield code="e">New York, NY  10028</marc:subfield>
      </marc:datafield>
   </record>