
  
  
  
  
  
  
  
  
 
  
  <record xsi:schemaLocation="http://www.loc.gov/MARC21/slim http://www.loc.gov/standards/marcxml/schema/MARC21slim.xsd">
      <leader>00000cas a2200385 i 4500</leader>
      <controlfield tag="FMT">SE</controlfield>
      <controlfield tag="LDR">00000cas a2200385 i 4500</controlfield>
      <controlfield tag="001">004988449</controlfield>
      <controlfield tag="003">OCoLC</controlfield>
      <controlfield tag="005">20170508144902.0</controlfield>
      <controlfield tag="008">170508c20129999bu || m       0    0buloc</controlfield>
      <datafield tag="010" ind1=" " ind2=" ">
         <subfield code="a">2016234657</subfield>
      </datafield>
      <datafield tag="022" ind1=" " ind2=" ">
         <subfield code="y">0323-9535</subfield>
      </datafield>
      <datafield tag="035" ind1=" " ind2=" ">
         <subfield code="a">(OCoLC)934814940</subfield>
      </datafield>
      <datafield tag="040" ind1=" " ind2=" ">
         <subfield code="a">HUL</subfield>
         <subfield code="b">eng</subfield>
         <subfield code="e">rda</subfield>
         <subfield code="c">HUL</subfield>
         <subfield code="d">OCLCO</subfield>
         <subfield code="d">OCLCF</subfield>
         <subfield code="d">OCLCO</subfield>
         <subfield code="d">NNU</subfield>
      </datafield>
      <datafield tag="042" ind1=" " ind2=" ">
         <subfield code="a">pcc</subfield>
      </datafield>
      <datafield tag="043" ind1=" " ind2=" ">
         <subfield code="a">e-bu---</subfield>
      </datafield>
      <datafield tag="050" ind1=" " ind2="4">
         <subfield code="a">DR51</subfield>
         <subfield code="b">.B872</subfield>
      </datafield>
      <datafield tag="079" ind1=" " ind2=" ">
         <subfield code="a">(OCoLC)934814940</subfield>
      </datafield>
      <datafield tag="245" ind1="0" ind2="0">
         <subfield code="6">880-01</subfield>
         <subfield code="a">Izvestii͡a na Nat͡sionalnii͡a arkheologicheski institut =</subfield>
         <subfield code="b">Bulletin of the National Institute of Archaeology.</subfield>
      </datafield>
      <datafield tag="246" ind1="3" ind2="1">
         <subfield code="a">Bulletin of the National Institute of Archaeology.</subfield>
      </datafield>
      <datafield tag="264" ind1=" " ind2="1">
         <subfield code="6">880-02</subfield>
         <subfield code="a">Sofii͡a :</subfield>
         <subfield code="b">Bŭlgarska akademii͡a na naukite, Nat͡sionalen Arkheologicheski institut i muzeĭ,</subfield>
         <subfield code="c">2012-</subfield>
      </datafield>
      <datafield tag="336" ind1=" " ind2=" ">
         <subfield code="a">text</subfield>
         <subfield code="b">txt</subfield>
         <subfield code="2">rdacontent</subfield>
      </datafield>
      <datafield tag="337" ind1=" " ind2=" ">
         <subfield code="a">unmediated</subfield>
         <subfield code="b">n</subfield>
         <subfield code="2">rdamedia</subfield>
      </datafield>
      <datafield tag="338" ind1=" " ind2=" ">
         <subfield code="a">volume</subfield>
         <subfield code="b">nc</subfield>
         <subfield code="2">rdacarrier</subfield>
      </datafield>
      <datafield tag="362" ind1="0" ind2=" ">
         <subfield code="a">XL (2012)-</subfield>
      </datafield>
      <datafield tag="588" ind1=" " ind2=" ">
         <subfield code="a">Description based on: XL (2012); title from title page.</subfield>
      </datafield>
      <datafield tag="588" ind1=" " ind2=" ">
         <subfield code="a">Latest issue consulted: XLI (2013).</subfield>
      </datafield>
      <datafield tag="650" ind1=" " ind2="0">
         <subfield code="a">Archaeology</subfield>
         <subfield code="v">Periodicals.</subfield>
      </datafield>
      <datafield tag="651" ind1=" " ind2="0">
         <subfield code="a">Bulgaria</subfield>
         <subfield code="x">Antiquities</subfield>
         <subfield code="v">Periodicals.</subfield>
      </datafield>
      <datafield tag="650" ind1=" " ind2="7">
         <subfield code="a">Antiquities.</subfield>
         <subfield code="2">fast</subfield>
         <subfield code="0">(OCoLC)fst00810745</subfield>
      </datafield>
      <datafield tag="650" ind1=" " ind2="7">
         <subfield code="a">Archaeology.</subfield>
         <subfield code="2">fast</subfield>
         <subfield code="0">(OCoLC)fst00812938</subfield>
      </datafield>
      <datafield tag="651" ind1=" " ind2="7">
         <subfield code="a">Bulgaria.</subfield>
         <subfield code="2">fast</subfield>
         <subfield code="0">(OCoLC)fst01212489</subfield>
      </datafield>
      <datafield tag="655" ind1=" " ind2="7">
         <subfield code="a">Periodicals.</subfield>
         <subfield code="2">fast</subfield>
         <subfield code="0">(OCoLC)fst01411641</subfield>
      </datafield>
      <datafield tag="710" ind1="2" ind2=" ">
         <subfield code="a">Nat͡sionalen arkheologicheski institut i muzeĭ (Bŭlgarska akademii͡a na naukite)</subfield>
      </datafield>
      <datafield tag="780" ind1="0" ind2="0">
         <subfield code="t">Izvestii͡a na Arkheologicheskii͡a institut</subfield>
         <subfield code="x">0323-9535</subfield>
         <subfield code="w">(DLC) 31025713</subfield>
         <subfield code="w">(OCoLC)22432433</subfield>
      </datafield>
      <datafield tag="880" ind1="0" ind2="0">
         <subfield code="6">245-01/</subfield>
         <subfield code="a">Известия на Националния археологически институт =</subfield>
         <subfield code="b">Bulletin of the National Institute of Archaeology.</subfield>
      </datafield>
      <datafield tag="880" ind1=" " ind2="1">
         <subfield code="6">264-02/</subfield>
         <subfield code="a">София :</subfield>
         <subfield code="b">Българска академия на науките, Национален Археологически институт и музей,</subfield>
         <subfield code="c">2012-</subfield>
      </datafield>
      <datafield tag="994" ind1=" " ind2=" ">
         <subfield code="a">Z0</subfield>
         <subfield code="b">ZYU</subfield>
      </datafield>
      <datafield tag="OWN" ind1=" " ind2=" ">
         <subfield code="a">GENERAL</subfield>
      </datafield>
      <datafield tag="AVA" ind1=" " ind2=" ">
         <subfield code="a">NYU50</subfield>
         <subfield code="b">NISAW</subfield>
         <subfield code="c">Oak Collection</subfield>
         <subfield code="d">DR51 .B872 Non-circulating</subfield>
         <subfield code="e">available</subfield>
         <subfield code="t">Available</subfield>
         <subfield code="f">3</subfield>
         <subfield code="g">0</subfield>
         <subfield code="h">Y</subfield>
         <subfield code="i">0</subfield>
         <subfield code="j">OAK</subfield>
         <subfield code="k">0</subfield>
      </datafield>
      <marc:datafield tag="852" ind1=" " ind2=" ">
         <marc:subfield code="b">Institute for the Study of the Ancient World, </marc:subfield>
         <marc:subfield code="c">Oak Collection</marc:subfield>
         <marc:subfield code="e">15 East 84th St., </marc:subfield>
         <marc:subfield code="e">New York, NY  10028</marc:subfield>
      </marc:datafield>
   </record>