
  
  
  
  
  
  
  
  
  
 
  
  <record xsi:schemaLocation="http://www.loc.gov/MARC21/slim http://www.loc.gov/standards/marcxml/schema/MARC21slim.xsd">
      <leader>00000cam a22      i 4500</leader>
      <controlfield tag="FMT">BK</controlfield>
      <controlfield tag="LDR">00000cam a22      i 4500</controlfield>
      <controlfield tag="001">004988490</controlfield>
      <controlfield tag="005">20170512142640.0</controlfield>
      <controlfield tag="008">170508s2016    nju      b    001 0 eng</controlfield>
      <datafield tag="010" ind1=" " ind2=" ">
         <subfield code="a">  2016055130</subfield>
      </datafield>
      <datafield tag="020" ind1=" " ind2=" ">
         <subfield code="a">9781463205737</subfield>
         <subfield code="q">(alk. paper)</subfield>
      </datafield>
      <datafield tag="020" ind1=" " ind2=" ">
         <subfield code="a">1463205732</subfield>
         <subfield code="q">(alk. paper)</subfield>
      </datafield>
      <datafield tag="035" ind1=" " ind2=" ">
         <subfield code="a">(OCoLC)965922443</subfield>
         <subfield code="z">(OCoLC)981852588</subfield>
         <subfield code="z">(OCoLC)981956819</subfield>
         <subfield code="z">(OCoLC)982017313</subfield>
         <subfield code="z">(OCoLC)982024035</subfield>
         <subfield code="z">(OCoLC)982026422</subfield>
         <subfield code="z">(OCoLC)982029348</subfield>
         <subfield code="z">(OCoLC)982106442</subfield>
         <subfield code="z">(OCoLC)982130783</subfield>
         <subfield code="z">(OCoLC)982155715</subfield>
         <subfield code="z">(OCoLC)982171597</subfield>
         <subfield code="z">(OCoLC)982243242</subfield>
         <subfield code="z">(OCoLC)982271534</subfield>
         <subfield code="z">(OCoLC)982334495</subfield>
         <subfield code="z">(OCoLC)982376492</subfield>
         <subfield code="z">(OCoLC)982426103</subfield>
         <subfield code="z">(OCoLC)982448072</subfield>
      </datafield>
      <datafield tag="040" ind1=" " ind2=" ">
         <subfield code="a">DLC</subfield>
         <subfield code="b">eng</subfield>
         <subfield code="e">rda</subfield>
         <subfield code="c">DLC</subfield>
         <subfield code="d">OCLCO</subfield>
         <subfield code="d">OCLCQ</subfield>
         <subfield code="d">YDX</subfield>
         <subfield code="d">ZYU</subfield>
      </datafield>
      <datafield tag="041" ind1="1" ind2=" ">
         <subfield code="a">eng</subfield>
         <subfield code="a">syc</subfield>
         <subfield code="h">syc</subfield>
      </datafield>
      <datafield tag="042" ind1=" " ind2=" ">
         <subfield code="a">pcc</subfield>
      </datafield>
      <datafield tag="050" ind1=" " ind2="4">
         <subfield code="a">BM535</subfield>
         <subfield code="b">.B877 2016</subfield>
      </datafield>
      <datafield tag="050" ind1="0" ind2="0">
         <subfield code="a">BM535</subfield>
         <subfield code="b">.B877 2017</subfield>
      </datafield>
      <datafield tag="079" ind1=" " ind2=" ">
         <subfield code="a">(OCoLC)965922443</subfield>
      </datafield>
      <datafield tag="082" ind1="0" ind2="0">
         <subfield code="a">261.2/6</subfield>
         <subfield code="2">23</subfield>
      </datafield>
      <datafield tag="100" ind1="1" ind2=" ">
         <subfield code="a">Butts, Michael Aaron,</subfield>
         <subfield code="e">author.</subfield>
      </datafield>
      <datafield tag="245" ind1="1" ind2="4">
         <subfield code="a">The history of the 'Slave of Christ' :</subfield>
         <subfield code="b">from Jewish child to Christian martyr /</subfield>
         <subfield code="c">Michael Aaron Butts, Simcha Gross.</subfield>
      </datafield>
      <datafield tag="263" ind1=" " ind2=" ">
         <subfield code="a">1701</subfield>
      </datafield>
      <datafield tag="264" ind1=" " ind2="1">
         <subfield code="a">Piscataway, NJ :</subfield>
         <subfield code="b">Gorgias Press,</subfield>
         <subfield code="c">2016.</subfield>
      </datafield>
      <datafield tag="300" ind1=" " ind2=" ">
         <subfield code="a">xii, 255 pages ;</subfield>
         <subfield code="c">23 cm</subfield>
      </datafield>
      <datafield tag="336" ind1=" " ind2=" ">
         <subfield code="a">text</subfield>
         <subfield code="b">txt</subfield>
         <subfield code="2">rdacontent</subfield>
      </datafield>
      <datafield tag="337" ind1=" " ind2=" ">
         <subfield code="a">unmediated</subfield>
         <subfield code="b">n</subfield>
         <subfield code="2">rdamedia</subfield>
      </datafield>
      <datafield tag="338" ind1=" " ind2=" ">
         <subfield code="a">volume</subfield>
         <subfield code="b">nc</subfield>
         <subfield code="2">rdacarrier</subfield>
      </datafield>
      <datafield tag="490" ind1="0" ind2=" ">
         <subfield code="a">Persian martyr acts in Syriac : texts and translation,</subfield>
         <subfield code="x">1941-871X ;</subfield>
         <subfield code="v">fascicle 6</subfield>
      </datafield>
      <datafield tag="546" ind1=" " ind2=" ">
         <subfield code="a">In English and Syriac; with Syriac texts translated into English.</subfield>
      </datafield>
      <datafield tag="504" ind1=" " ind2=" ">
         <subfield code="a">Includes bibliographical references (pages 221-239) and index.</subfield>
      </datafield>
      <datafield tag="505" ind1="0" ind2=" ">
         <subfield code="a">Syriac Manuscript Witnesses -- Versions: Arabic, Armenian, and Georgian -- Syriac recensions -- Development of the Syriac text -- Shigar -- Etiology of Cult Sites -- Date of Composition: ca. 650 ca. 850 -- The name ʻAbdā da-mšíḥā -- Child Martyrs -- Use of the Old Testament -- Jews around Shigar -- Jews in the history of ʻAbdā da-mšíḥā -- Legend of the Judenknaben -- The 'Why' question -- Syriac Recension, A -- Syriac Recension B.</subfield>
      </datafield>
      <datafield tag="520" ind1=" " ind2=" ">
         <subfield code="a">"The History of the 'Slave of Christ' : From Jewish Child to Christian Martyr offers the first critical editions and English translations of the two Syriac recensions of this fascinating text, which narrates the story of a young Jewish child, Asher, who after converting to Christianity and taking the name ʻAbda da-Miḥa ('slave of Christ') is martyred by his father Levi in a scene reminiscent of Abraham's offering of Isaac in Genesis 22. In a detailed introduction, the authors argue that the text is a fictional story composed during the early Islamic period (ca. 650-850) probably in Shigar (modern Sinjār). Building upon methodology from the study of Western Christian and Jewish texts, they further contend that the story's author constructs an imagined Jew based on the Hebrew Bible, thereby challenging the way that previous scholars have used this text as straightforward evidence for historical interactions between Jews and Christians in Babylonia at this time. This ultimately allows the authors to reevaluate the purpose of the text and to situate it in its Late Antique Babylonian context"--</subfield>
         <subfield code="c">Provided by publisher.</subfield>
      </datafield>
      <datafield tag="630" ind1="0" ind2="0">
         <subfield code="a">ʻAbdā da-Mšíḥā</subfield>
         <subfield code="x">Criticism, Textual.</subfield>
      </datafield>
      <datafield tag="650" ind1=" " ind2="0">
         <subfield code="a">Christianity and other religions</subfield>
         <subfield code="x">Judaism.</subfield>
      </datafield>
      <datafield tag="650" ind1=" " ind2="0">
         <subfield code="a">Martyrs.</subfield>
      </datafield>
      <datafield tag="651" ind1=" " ind2="7">
         <subfield code="a">Singara.</subfield>
         <subfield code="2">pleiades</subfield>
         <subfield code="0">https://pleiades.stoa.org/places/874699</subfield>
         <subfield code="5">NyNyUAW</subfield>
      </datafield>
      <datafield tag="700" ind1="1" ind2=" ">
         <subfield code="a">Gross, Simcha,</subfield>
         <subfield code="e">author.</subfield>
      </datafield>
      <datafield tag="730" ind1="0" ind2="2">
         <subfield code="a">ʻAbdā da-Mšíḥā.</subfield>
      </datafield>
      <datafield tag="730" ind1="0" ind2="2">
         <subfield code="a">ʻAbdā da-Mšíḥā.</subfield>
         <subfield code="l">English.</subfield>
      </datafield>
      <datafield tag="OWN" ind1=" " ind2=" ">
         <subfield code="a">GENERAL</subfield>
      </datafield>
      <datafield tag="AVA" ind1=" " ind2=" ">
         <subfield code="a">NYU50</subfield>
         <subfield code="b">NISAW</subfield>
         <subfield code="c">Small Collection</subfield>
         <subfield code="d">BM535 .B877 2016 Non-circulating</subfield>
         <subfield code="e">available</subfield>
         <subfield code="t">Available</subfield>
         <subfield code="f">1</subfield>
         <subfield code="g">0</subfield>
         <subfield code="h">N</subfield>
         <subfield code="i">0</subfield>
         <subfield code="j">SMALL</subfield>
         <subfield code="k">0</subfield>
      </datafield>
      <marc:datafield tag="852" ind1=" " ind2=" ">
         <marc:subfield code="b">Institute for the Study of the Ancient World, </marc:subfield>
         <marc:subfield code="c">Small Collection</marc:subfield>
         <marc:subfield code="e">15 East 84th St., </marc:subfield>
         <marc:subfield code="e">New York, NY  10028</marc:subfield>
      </marc:datafield>
   </record>