
  
  
  
  
  
  
  
  
 
  
  <record xsi:schemaLocation="http://www.loc.gov/MARC21/slim http://www.loc.gov/standards/marcxml/schema/MARC21slim.xsd">
      <leader>00000nam a2200373Ii 4500</leader>
      <controlfield tag="FMT">BK</controlfield>
      <controlfield tag="LDR">00000nam a2200373Ii 4500</controlfield>
      <controlfield tag="001">004956252</controlfield>
      <controlfield tag="003">OCoLC</controlfield>
      <controlfield tag="005">20170509111225.0</controlfield>
      <controlfield tag="008">170509t20162016tu a     b    000 0 tur d</controlfield>
      <datafield tag="020" ind1=" " ind2=" ">
         <subfield code="a">9786059680325</subfield>
      </datafield>
      <datafield tag="020" ind1=" " ind2=" ">
         <subfield code="a">6059680321</subfield>
      </datafield>
      <datafield tag="035" ind1="7" ind2=" ">
         <subfield code="a">isis2017/2-234</subfield>
      </datafield>
      <datafield tag="035" ind1=" " ind2=" ">
         <subfield code="a">(OCoLC)986242751</subfield>
      </datafield>
      <datafield tag="040" ind1=" " ind2=" ">
         <subfield code="a">ZYU</subfield>
         <subfield code="b">eng</subfield>
         <subfield code="e">rda</subfield>
         <subfield code="c">ZYU</subfield>
      </datafield>
      <datafield tag="041" ind1="0" ind2=" ">
         <subfield code="a">tur</subfield>
         <subfield code="a">ger</subfield>
         <subfield code="a">hit</subfield>
      </datafield>
      <datafield tag="043" ind1=" " ind2=" ">
         <subfield code="a">a-tu---</subfield>
      </datafield>
      <datafield tag="050" ind1="0" ind2="4">
         <subfield code="a">P945</subfield>
         <subfield code="b">.A2 2016</subfield>
      </datafield>
      <datafield tag="079" ind1=" " ind2=" ">
         <subfield code="a">(OCoLC)986242751</subfield>
      </datafield>
      <datafield tag="100" ind1="1" ind2=" ">
         <subfield code="a">Alparslan, Metin,</subfield>
         <subfield code="e">author.</subfield>
      </datafield>
      <datafield tag="245" ind1="1" ind2="0">
         <subfield code="a">Yayımlanmamiş Boğazköy tabletleri (Bo 8486-8694) =</subfield>
         <subfield code="b">Unpublizierte Boğazköy Tafeln (Bo 8486-8694) /</subfield>
         <subfield code="c">Metin Alparslan.</subfield>
      </datafield>
      <datafield tag="246" ind1="1" ind2=" ">
         <subfield code="a">Unpublizierte Boğazköy Tafeln (Bo 8486-8694)</subfield>
      </datafield>
      <datafield tag="264" ind1=" " ind2="1">
         <subfield code="a">İstanbul :</subfield>
         <subfield code="b">Türk Eskiçağ Bilimleri Enstitüsü = Turkish Institute of Archaeology,</subfield>
         <subfield code="c">[2016]</subfield>
      </datafield>
      <datafield tag="264" ind1=" " ind2="4">
         <subfield code="c">©2016</subfield>
      </datafield>
      <datafield tag="300" ind1=" " ind2=" ">
         <subfield code="a">264 pages :</subfield>
         <subfield code="b">black-and-white illustratipns ;</subfield>
         <subfield code="c">30 cm</subfield>
      </datafield>
      <datafield tag="336" ind1=" " ind2=" ">
         <subfield code="a">text</subfield>
         <subfield code="b">txt</subfield>
         <subfield code="2">rdacontent</subfield>
      </datafield>
      <datafield tag="336" ind1=" " ind2=" ">
         <subfield code="a">still image</subfield>
         <subfield code="b">sti</subfield>
         <subfield code="2">rdacontent</subfield>
      </datafield>
      <datafield tag="337" ind1=" " ind2=" ">
         <subfield code="a">unmediated</subfield>
         <subfield code="b">n</subfield>
         <subfield code="2">rdamedia</subfield>
      </datafield>
      <datafield tag="338" ind1=" " ind2=" ">
         <subfield code="a">volume</subfield>
         <subfield code="b">nc</subfield>
         <subfield code="2">rdacarrier</subfield>
      </datafield>
      <datafield tag="504" ind1=" " ind2=" ">
         <subfield code="a">Includes bibliographical references (pages 7-8).</subfield>
      </datafield>
      <datafield tag="546" ind1=" " ind2=" ">
         <subfield code="a">Texts in cuneiform and romanized Hittite; introductory matter in Turkish and German.</subfield>
      </datafield>
      <datafield tag="650" ind1=" " ind2="0">
         <subfield code="a">Cuneiform tablets</subfield>
         <subfield code="z">Turkey</subfield>
         <subfield code="z">Boğazköy.</subfield>
      </datafield>
      <datafield tag="650" ind1=" " ind2="0">
         <subfield code="a">Hittite language</subfield>
         <subfield code="v">Texts.</subfield>
      </datafield>
      <datafield tag="651" ind1=" " ind2="0">
         <subfield code="a">Boğazköy (Turkey)</subfield>
         <subfield code="x">Antiquities.</subfield>
      </datafield>
      <datafield tag="651" ind1=" " ind2="7">
         <subfield code="a">Hattusa.</subfield>
         <subfield code="2">pleiades</subfield>
         <subfield code="0">https://pleiades.stoa.org/places/283602441</subfield>
      </datafield>
      <datafield tag="OWN" ind1=" " ind2=" ">
         <subfield code="a">GENERAL</subfield>
      </datafield>
      <datafield tag="980" ind1=" " ind2=" ">
         <subfield code="a">20170418</subfield>
         <subfield code="c">USD</subfield>
         <subfield code="e">40.00</subfield>
         <subfield code="f">1732</subfield>
      </datafield>
      <datafield tag="981" ind1=" " ind2=" ">
         <subfield code="b">TEMP-BUDGET</subfield>
         <subfield code="d">S:GB</subfield>
      </datafield>
      <datafield tag="AVA" ind1=" " ind2=" ">
         <subfield code="a">NYU50</subfield>
         <subfield code="b">BOBST</subfield>
         <subfield code="c">Main Collection</subfield>
         <subfield code="e">unavailable</subfield>
         <subfield code="t">Unavailable</subfield>
         <subfield code="f">1</subfield>
         <subfield code="g">1</subfield>
         <subfield code="h">N</subfield>
         <subfield code="i">0</subfield>
         <subfield code="j">MAIN</subfield>
         <subfield code="k">0</subfield>
      </datafield>
      <datafield tag="AVA" ind1=" " ind2=" ">
         <subfield code="a">NYU50</subfield>
         <subfield code="b">NISAW</subfield>
         <subfield code="c">Large Collection</subfield>
         <subfield code="d">P945.A2 A475 2016 Non-circulating</subfield>
         <subfield code="e">available</subfield>
         <subfield code="t">Available</subfield>
         <subfield code="f">1</subfield>
         <subfield code="g">0</subfield>
         <subfield code="h">N</subfield>
         <subfield code="i">0</subfield>
         <subfield code="j">LARGE</subfield>
         <subfield code="k">0</subfield>
      </datafield>
      <marc:datafield tag="852" ind1=" " ind2=" ">
         <marc:subfield code="b">Institute for the Study of the Ancient World, </marc:subfield>
         <marc:subfield code="c">Large Collection</marc:subfield>
         <marc:subfield code="e">15 East 84th St., </marc:subfield>
         <marc:subfield code="e">New York, NY  10028</marc:subfield>
      </marc:datafield>
   </record>