
  
  
  
  
  
  
  
  
  
  
  
 
  
  <record xsi:schemaLocation="http://www.loc.gov/MARC21/slim http://www.loc.gov/standards/marcxml/schema/MARC21slim.xsd">
      <leader>00000cam a2200733 a 4500</leader>
      <controlfield tag="FMT">BK</controlfield>
      <controlfield tag="LDR">00000cam a2200733 a 4500</controlfield>
      <controlfield tag="001">002679892</controlfield>
      <controlfield tag="003">OCoLC</controlfield>
      <controlfield tag="005">20170725153233.0</controlfield>
      <controlfield tag="008">831014s1984    nyu      b    001 0 eng</controlfield>
      <datafield tag="010" ind1=" " ind2=" ">
         <subfield code="a">83048644</subfield>
      </datafield>
      <datafield tag="015" ind1=" " ind2=" ">
         <subfield code="a">GB85-15264</subfield>
      </datafield>
      <datafield tag="016" ind1="7" ind2=" ">
         <subfield code="a">B85-15264</subfield>
         <subfield code="2">uk</subfield>
      </datafield>
      <datafield tag="020" ind1=" " ind2=" ">
         <subfield code="a">0029127505</subfield>
      </datafield>
      <datafield tag="020" ind1=" " ind2=" ">
         <subfield code="a">9780029127506</subfield>
      </datafield>
      <datafield tag="035" ind1=" " ind2=" ">
         <subfield code="a">(OCoLC)10274916</subfield>
         <subfield code="z">(OCoLC)12509655</subfield>
      </datafield>
      <datafield tag="040" ind1=" " ind2=" ">
         <subfield code="a">DLC</subfield>
         <subfield code="b">eng</subfield>
         <subfield code="c">DLC</subfield>
         <subfield code="d">OCL</subfield>
         <subfield code="d">UKM</subfield>
         <subfield code="d">MUQ</subfield>
         <subfield code="d">NLGGC</subfield>
         <subfield code="d">BTCTA</subfield>
         <subfield code="d">YDXCP</subfield>
         <subfield code="d">GEBAY</subfield>
         <subfield code="d">TULIB</subfield>
         <subfield code="d">BDX</subfield>
         <subfield code="d">GBVCP</subfield>
         <subfield code="d">OCLCO</subfield>
         <subfield code="d">OCLCF</subfield>
         <subfield code="d">OCLCQ</subfield>
         <subfield code="d">DEBBG</subfield>
         <subfield code="d">ZYU</subfield>
      </datafield>
      <datafield tag="050" ind1="0" ind2="0">
         <subfield code="a">CC175</subfield>
         <subfield code="b">.E83 1984</subfield>
      </datafield>
      <datafield tag="079" ind1=" " ind2=" ">
         <subfield code="a">(OCoLC)10274916</subfield>
      </datafield>
      <datafield tag="082" ind1="0" ind2="0">
         <subfield code="a">930.1/01</subfield>
         <subfield code="2">19</subfield>
      </datafield>
      <datafield tag="084" ind1=" " ind2=" ">
         <subfield code="a">15.03</subfield>
         <subfield code="2">bcl</subfield>
      </datafield>
      <datafield tag="084" ind1=" " ind2=" ">
         <subfield code="a">15.30</subfield>
         <subfield code="2">bcl</subfield>
      </datafield>
      <datafield tag="084" ind1=" " ind2=" ">
         <subfield code="a">08.38</subfield>
         <subfield code="2">bcl</subfield>
      </datafield>
      <datafield tag="084" ind1=" " ind2=" ">
         <subfield code="a">6,11</subfield>
         <subfield code="2">ssgn</subfield>
      </datafield>
      <datafield tag="084" ind1=" " ind2=" ">
         <subfield code="a">6,12</subfield>
         <subfield code="2">ssgn</subfield>
      </datafield>
      <datafield tag="084" ind1=" " ind2=" ">
         <subfield code="a">NF 1130</subfield>
         <subfield code="2">rvk</subfield>
      </datafield>
      <datafield tag="090" ind1=" " ind2=" ">
         <subfield code="a">CC175</subfield>
         <subfield code="b">.E83 1984</subfield>
         <subfield code="i">11/19/84 CT</subfield>
         <subfield code="h">10/10/84 CT</subfield>
      </datafield>
      <datafield tag="245" ind1="0" ind2="0">
         <subfield code="a">Ethics and values in archaeology /</subfield>
         <subfield code="c">edited by Ernestene L. Green.</subfield>
      </datafield>
      <datafield tag="260" ind1=" " ind2=" ">
         <subfield code="a">New York :</subfield>
         <subfield code="b">Free Press,</subfield>
         <subfield code="c">©1984.</subfield>
      </datafield>
      <datafield tag="300" ind1=" " ind2=" ">
         <subfield code="a">xii, 301 pages ;</subfield>
         <subfield code="c">25 cm</subfield>
      </datafield>
      <datafield tag="336" ind1=" " ind2=" ">
         <subfield code="a">text</subfield>
         <subfield code="b">txt</subfield>
         <subfield code="2">rdacontent</subfield>
      </datafield>
      <datafield tag="337" ind1=" " ind2=" ">
         <subfield code="a">unmediated</subfield>
         <subfield code="b">n</subfield>
         <subfield code="2">rdamedia</subfield>
      </datafield>
      <datafield tag="338" ind1=" " ind2=" ">
         <subfield code="a">volume</subfield>
         <subfield code="b">nc</subfield>
         <subfield code="2">rdacarrier</subfield>
      </datafield>
      <datafield tag="504" ind1=" " ind2=" ">
         <subfield code="a">Includes bibliographical references (pages 273-290) and index.</subfield>
      </datafield>
      <datafield tag="505" ind1="0" ind2="0">
         <subfield code="g">I.</subfield>
         <subfield code="t">Background.</subfield>
         <subfield code="t">The Search for an Ethic in Archaeology : An Historical Perspective /</subfield>
         <subfield code="r">Leslie E. Wildesen --</subfield>
         <subfield code="t">Approaches to Ethical Problems by Archaeological Organizations /</subfield>
         <subfield code="r">Hester A. Davis --</subfield>
         <subfield code="t">Code of Ethics /</subfield>
         <subfield code="r">Society of Progessional Archaeologists --</subfield>
         <subfield code="t">Standards of Research Performance /</subfield>
         <subfield code="r">Society of Professional Archaeologists --</subfield>
         <subfield code="t">Ethics for Archaeology /</subfield>
         <subfield code="r">Society for American Archaeology --</subfield>
         <subfield code="t">Statement on Ethics /</subfield>
         <subfield code="r">American Anthropological Association --</subfield>
         <subfield code="t">The Way to Somewhere : Ethics in American Archaeology /</subfield>
         <subfield code="r">Joseph. C. Winter.</subfield>
         <subfield code="g">II.</subfield>
         <subfield code="t">Responsibilites to the Profession.</subfield>
         <subfield code="t">Achieving Professionalism through Ethical Fragmentation : Warnings from Client-Oriented Archaeology /</subfield>
         <subfield code="r">L. Mark Raab --</subfield>
         <subfield code="t">The Ethics of Archaeological Significance Decisions /</subfield>
         <subfield code="r">Robert C. Dunnell --</subfield>
         <subfield code="t">Toward an Understanding of the Ethics and Values of Reserach Design in Archaeology /</subfield>
         <subfield code="r">L. Mark Raab --</subfield>
         <subfield code="t">The Ethics of Excavation : Site Selection /</subfield>
         <subfield code="r">Fred Plog --</subfield>
      </datafield>
      <datafield tag="505" ind1="0" ind2="0">
         <subfield code="9"/>
         <subfield code="t">Ethical Dilemmas in Federal Cultural Resource Management /</subfield>
         <subfield code="r">Dee F. Green --</subfield>
         <subfield code="t">Ethics in Contract Archaeology /</subfield>
         <subfield code="r">Don D. Fowler --</subfield>
         <subfield code="t">Economics and Archaeology /</subfield>
         <subfield code="r">James E. Fitting --</subfield>
         <subfield code="t">Archaeology Abroad : Ethical Considerations of Fieldwork in Foreign Countries /</subfield>
         <subfield code="r">Paul F. Healy --</subfield>
         <subfield code="t">Ethics and the Museum Archaeologist /</subfield>
         <subfield code="r">Richard I. Ford --</subfield>
         <subfield code="t">The International Traffic in Antiquities : Archaeological Ethics and the Archaeologist's Responsibility /</subfield>
         <subfield code="r">Karen D. Vitelli --</subfield>
         <subfield code="t">Cultural Resource Law Enforcement in the United States /</subfield>
         <subfield code="r">Martin E. McAllister, J. Scott Wood, and Dorothy M. Goddard.</subfield>
         <subfield code="g">III.</subfield>
         <subfield code="t">Responsibilities to the Public.</subfield>
         <subfield code="t">The Vaule of Archaeology /</subfield>
         <subfield code="r">Charles R. McGimsey III --</subfield>
         <subfield code="t">Archaeology and the Wider Audience /</subfield>
         <subfield code="r">Brian M. Fagan --</subfield>
         <subfield code="t">Avocational Archaeology : Its Past, Present, and Future /</subfield>
         <subfield code="r">George C. Frison --</subfield>
         <subfield code="t">Value Conflicts in Osteo-Archaeology /</subfield>
         <subfield code="r">Annetta L. Cheek and Bennie C. Keel --</subfield>
         <subfield code="t">Archaeology : Science or Sacrilege? /</subfield>
         <subfield code="r">Clement W. Meighan --</subfield>
      </datafield>
      <datafield tag="505" ind1="0" ind2="0">
         <subfield code="9"/>
         <subfield code="t">Archaeological Ethics and Values in a Tribal Cultural Resource Management Program at the Pueblo of Zuni /</subfield>
         <subfield code="r">T.J. Ferguson --</subfield>
         <subfield code="t">Archaeology and the Native American : A Case at Hopi /</subfield>
         <subfield code="r">E. Charles Adams --</subfield>
         <subfield code="t">Ethical Decision Making and Participation in the Politics of Archaeology /</subfield>
         <subfield code="r">Ruthann Knudson.</subfield>
      </datafield>
      <datafield tag="530" ind1=" " ind2=" ">
         <subfield code="a">Also issued online.</subfield>
      </datafield>
      <datafield tag="650" ind1=" " ind2="0">
         <subfield code="a">Archaeology</subfield>
         <subfield code="x">Moral and ethical aspects.</subfield>
      </datafield>
      <datafield tag="650" ind1=" " ind2="6">
         <subfield code="a">Archéologie</subfield>
         <subfield code="x">Aspect moral.</subfield>
      </datafield>
      <datafield tag="650" ind1=" " ind2="7">
         <subfield code="a">Archaeology</subfield>
         <subfield code="x">Moral and ethical aspects.</subfield>
         <subfield code="2">fast</subfield>
         <subfield code="0">(OCoLC)fst00812972</subfield>
      </datafield>
      <datafield tag="650" ind1="0" ind2="7">
         <subfield code="a">Archäologie.</subfield>
         <subfield code="0">(DE-588)4002827-6</subfield>
         <subfield code="2">gnd</subfield>
      </datafield>
      <datafield tag="650" ind1="0" ind2="7">
         <subfield code="a">Ethik.</subfield>
         <subfield code="0">(DE-588)4015602-3</subfield>
         <subfield code="2">gnd</subfield>
      </datafield>
      <datafield tag="650" ind1="0" ind2="7">
         <subfield code="a">Wert.</subfield>
         <subfield code="0">(DE-588)4065654-8</subfield>
         <subfield code="2">gnd</subfield>
      </datafield>
      <datafield tag="653" ind1=" " ind2=" ">
         <subfield code="a">Archaeology</subfield>
         <subfield code="a">Ethical aspects</subfield>
      </datafield>
      <datafield tag="700" ind1="1" ind2=" ">
         <subfield code="a">Green, Ernestene L.</subfield>
      </datafield>
      <datafield tag="776" ind1="0" ind2="8">
         <subfield code="i">Online version:</subfield>
         <subfield code="t">Ethics and values in archaeology.</subfield>
         <subfield code="d">New York : Free Press, ©1984</subfield>
         <subfield code="w">(OCoLC)558620113</subfield>
      </datafield>
      <datafield tag="OWN" ind1=" " ind2=" ">
         <subfield code="a">GENERAL</subfield>
      </datafield>
      <datafield tag="950" ind1=" " ind2=" ">
         <subfield code="l">BMAIN</subfield>
         <subfield code="a">CC175</subfield>
         <subfield code="b">.E83 1984</subfield>
         <subfield code="h">10/10/84 C</subfield>
      </datafield>
      <datafield tag="950" ind1=" " ind2=" ">
         <subfield code="l">IFAM</subfield>
         <subfield code="a">CC175</subfield>
         <subfield code="b">.E83 1984</subfield>
         <subfield code="i">11/19/84 C</subfield>
      </datafield>
      <datafield tag="955" ind1=" " ind2=" ">
         <subfield code="l">BMAIN</subfield>
         <subfield code="c">1</subfield>
         <subfield code="q">84B23323-1</subfield>
         <subfield code="r">010755497</subfield>
         <subfield code="h">10/10/84 C</subfield>
      </datafield>
      <datafield tag="955" ind1=" " ind2=" ">
         <subfield code="l">IFAM</subfield>
         <subfield code="c">1</subfield>
         <subfield code="i">11/19/84 C</subfield>
      </datafield>
      <datafield tag="AVA" ind1=" " ind2=" ">
         <subfield code="a">NYU50</subfield>
         <subfield code="b">BOBST</subfield>
         <subfield code="c">Main Collection</subfield>
         <subfield code="d">CC175 .E83 1984</subfield>
         <subfield code="e">unavailable</subfield>
         <subfield code="t">Unavailable</subfield>
         <subfield code="f">1</subfield>
         <subfield code="g">1</subfield>
         <subfield code="h">N</subfield>
         <subfield code="i">1</subfield>
         <subfield code="j">MAIN</subfield>
         <subfield code="k">0</subfield>
      </datafield>
      <datafield tag="AVA" ind1=" " ind2=" ">
         <subfield code="a">NYU50</subfield>
         <subfield code="b">NIFAC</subfield>
         <subfield code="c">Main Collection</subfield>
         <subfield code="d">CC175 .E83 1984 Non-circulating</subfield>
         <subfield code="e">available</subfield>
         <subfield code="t">Available</subfield>
         <subfield code="f">1</subfield>
         <subfield code="g">0</subfield>
         <subfield code="h">N</subfield>
         <subfield code="i">0</subfield>
         <subfield code="j">MAIN</subfield>
         <subfield code="k">0</subfield>
      </datafield>
      <datafield tag="AVA" ind1=" " ind2=" ">
         <subfield code="a">NYU50</subfield>
         <subfield code="b">NISAW</subfield>
         <subfield code="c">Small Collection</subfield>
         <subfield code="d">CC175 .E83 1984 Non-circulating</subfield>
         <subfield code="e">available</subfield>
         <subfield code="t">Available</subfield>
         <subfield code="f">1</subfield>
         <subfield code="g">0</subfield>
         <subfield code="h">N</subfield>
         <subfield code="i">0</subfield>
         <subfield code="j">SMALL</subfield>
      </datafield>
      <marc:datafield tag="852" ind1=" " ind2=" ">
         <marc:subfield code="b">Institute for the Study of the Ancient World, </marc:subfield>
         <marc:subfield code="c">Small Collection</marc:subfield>
         <marc:subfield code="e">15 East 84th St., </marc:subfield>
         <marc:subfield code="e">New York, NY  10028</marc:subfield>
      </marc:datafield>
   </record>