
  
  
  
  
  
  
  
  
 
  
  <record xsi:schemaLocation="http://www.loc.gov/MARC21/slim http://www.loc.gov/standards/marcxml/schema/MARC21slim.xsd">
      <leader>00000cam a2200853 a 4500</leader>
      <controlfield tag="FMT">BK</controlfield>
      <controlfield tag="LDR">00000cam a2200853 a 4500</controlfield>
      <controlfield tag="001">002374347</controlfield>
      <controlfield tag="003">OCoLC</controlfield>
      <controlfield tag="005">20170511132844.0</controlfield>
      <controlfield tag="008">960603s1994    gw abce  b    001 0 ger</controlfield>
      <datafield tag="010" ind1=" " ind2=" ">
         <subfield code="a">96155597</subfield>
      </datafield>
      <datafield tag="015" ind1=" " ind2=" ">
         <subfield code="a">94,A41,1889</subfield>
         <subfield code="2">dnb</subfield>
      </datafield>
      <datafield tag="016" ind1="7" ind2=" ">
         <subfield code="a">94125416x</subfield>
         <subfield code="2">DE-101</subfield>
      </datafield>
      <datafield tag="020" ind1=" " ind2=" ">
         <subfield code="a">3927120189</subfield>
      </datafield>
      <datafield tag="020" ind1=" " ind2=" ">
         <subfield code="a">9783927120181</subfield>
      </datafield>
      <datafield tag="035" ind1=" " ind2=" ">
         <subfield code="a">(OCoLC)30961436</subfield>
      </datafield>
      <datafield tag="040" ind1=" " ind2=" ">
         <subfield code="a">DLC</subfield>
         <subfield code="b">eng</subfield>
         <subfield code="c">DLC</subfield>
         <subfield code="d">BMC</subfield>
         <subfield code="d">NLGGC</subfield>
         <subfield code="d">HEBIS</subfield>
         <subfield code="d">OCLCQ</subfield>
         <subfield code="d">DEBSZ</subfield>
         <subfield code="d">DEBBG</subfield>
         <subfield code="d">MR4</subfield>
         <subfield code="d">OCLCF</subfield>
         <subfield code="d">OCLCO</subfield>
         <subfield code="d">OCLCQ</subfield>
         <subfield code="d">OCLCO</subfield>
         <subfield code="d">OCLCQ</subfield>
         <subfield code="d">ZYU</subfield>
      </datafield>
      <datafield tag="041" ind1="0" ind2=" ">
         <subfield code="a">ger</subfield>
         <subfield code="a">eng</subfield>
         <subfield code="a">fre</subfield>
      </datafield>
      <datafield tag="043" ind1=" " ind2=" ">
         <subfield code="a">aw-----</subfield>
      </datafield>
      <datafield tag="050" ind1="0" ind2="0">
         <subfield code="a">DS56</subfield>
         <subfield code="b">.B46 1994</subfield>
      </datafield>
      <datafield tag="079" ind1=" " ind2=" ">
         <subfield code="a">(OCoLC)30961436</subfield>
      </datafield>
      <datafield tag="082" ind1="0" ind2="0">
         <subfield code="a">930/.09822</subfield>
         <subfield code="2">20</subfield>
      </datafield>
      <datafield tag="084" ind1=" " ind2=" ">
         <subfield code="a">15.34</subfield>
         <subfield code="2">bcl</subfield>
      </datafield>
      <datafield tag="084" ind1=" " ind2=" ">
         <subfield code="a">NK 8200</subfield>
         <subfield code="2">rvk</subfield>
      </datafield>
      <datafield tag="245" ind1="0" ind2="0">
         <subfield code="a">Beschreiben und Deuten in der Archäologie des Alten Orients :</subfield>
         <subfield code="b">Festschrift für Ruth Mayer-Opificius /</subfield>
         <subfield code="c">mit Beiträgen von Freunden und Schülern ; unter Mitwirkung von Nadja Cholidis, Maria Krafeld-Daugherty, Ellen Rehm ; herausgegeben von Manfred Dietrich, Oswald Loretz.</subfield>
      </datafield>
      <datafield tag="246" ind1="3" ind2="0">
         <subfield code="a">Festschrift für Ruth Mayer-Opificius</subfield>
      </datafield>
      <datafield tag="260" ind1=" " ind2=" ">
         <subfield code="a">Münster :</subfield>
         <subfield code="b">Ugarit-Verlag,</subfield>
         <subfield code="c">1994.</subfield>
      </datafield>
      <datafield tag="300" ind1=" " ind2=" ">
         <subfield code="a">xvii, 352 pages :</subfield>
         <subfield code="b">illustrations, maps, plans, portraits ;</subfield>
         <subfield code="c">25 cm.</subfield>
      </datafield>
      <datafield tag="336" ind1=" " ind2=" ">
         <subfield code="a">text</subfield>
         <subfield code="b">txt</subfield>
         <subfield code="2">rdacontent</subfield>
      </datafield>
      <datafield tag="337" ind1=" " ind2=" ">
         <subfield code="a">unmediated</subfield>
         <subfield code="b">n</subfield>
         <subfield code="2">rdamedia</subfield>
      </datafield>
      <datafield tag="338" ind1=" " ind2=" ">
         <subfield code="a">volume</subfield>
         <subfield code="b">nc</subfield>
         <subfield code="2">rdacarrier</subfield>
      </datafield>
      <datafield tag="490" ind1="1" ind2=" ">
         <subfield code="a">Altertumskunde des vorderen Orients ;</subfield>
         <subfield code="v">Bd. 4</subfield>
      </datafield>
      <datafield tag="500" ind1=" " ind2=" ">
         <subfield code="a">ISAW copy is from the library of David I. Owen.</subfield>
         <subfield code="5">NyNyUAW</subfield>
      </datafield>
      <datafield tag="546" ind1=" " ind2=" ">
         <subfield code="a">German, English, and French.</subfield>
      </datafield>
      <datafield tag="504" ind1=" " ind2=" ">
         <subfield code="a">"Schriftenverzeichnis von Ruth Mayer-Opificius": pages xiii-xvii.</subfield>
      </datafield>
      <datafield tag="504" ind1=" " ind2=" ">
         <subfield code="a">Includes bibliographical references and indexes.</subfield>
      </datafield>
      <datafield tag="505" ind1="0" ind2="0">
         <subfield code="t">Un etage au palais de Darius à Suse? /</subfield>
         <subfield code="r">P. Amiet --</subfield>
         <subfield code="t">Festungsanlagen auf neuassyrischen Rollsiegeln und Siegelabrollungen /</subfield>
         <subfield code="r">E. Bleibtreu --</subfield>
         <subfield code="t">Terrakotta und Grossplastik in Altvorderasien /</subfield>
         <subfield code="r">B. Brentjes -- Unbekannte urartäische Bronzebleche aus der Sammlung Dr. Martin/Zürich /</subfield>
         <subfield code="r">J. Bretschneider --</subfield>
         <subfield code="t">Ein hethitischer Anhänger in Gestalt eines Gottes im Archäologischen Museum Altenessen /</subfield>
         <subfield code="r">N. Cholidis --</subfield>
         <subfield code="t">Neo-assyrian Gula in the British Museum /</subfield>
         <subfield code="r">D. Collon --</subfield>
         <subfield code="t">Assyrian Fibulae with figural decoration /</subfield>
         <subfield code="r">J.E. Curtis --</subfield>
         <subfield code="t">Ein neuassyrisches Relief aus el Humr, Nord-Irak /</subfield>
         <subfield code="r">R. Dittmann --</subfield>
         <subfield code="t">A new mould from Kültepe /</subfield>
         <subfield code="r">K. Emre --</subfield>
         <subfield code="t">Der "Reserved-slip": Stationen aus der Biographie einer Verzierungstechnik /</subfield>
         <subfield code="r">U. Finkbeiner --</subfield>
         <subfield code="t">Eine neue Bauform der Frühbronzezeit in Palästina /</subfield>
         <subfield code="r">V. Fritz --</subfield>
         <subfield code="t">Eine "Beterstatuette" aus Tuttul /</subfield>
         <subfield code="r">Chr. Hemker --</subfield>
      </datafield>
      <datafield tag="505" ind1="0" ind2="0">
         <subfield code="9"/>
         <subfield code="t">Empreintes d'Ongles dans les "Archives d'un Centre Provincial", conservées aux Musées Royaux d'art et d'Histoire, Bruxelles /</subfield>
         <subfield code="r">D. Homès-Fredericq --</subfield>
         <subfield code="t">Einige Siegelabdrüke wohl nachassyrischer Zeit aus Assur /</subfield>
         <subfield code="r">E. Klengel-Brandt. Wächter oder Atlas figuren? Zu den Stiedämonen zwischen den Schriftzeichen für Himmel und Erde in Yazilikaya /</subfield>
         <subfield code="r">S. Kolbus, P.P. Vértesalji --</subfield>
         <subfield code="t">Türen in der Isin-Larsa-Stadt von Ur /</subfield>
         <subfield code="r">M. Krafeld-Daugherty --</subfield>
         <subfield code="t">Das Grabungshaus von Tall Munbaqa/Ekalte in Nord-Syrien /</subfield>
         <subfield code="r">D. Machule --</subfield>
         <subfield code="t">Die assyrisch-babylonische Gruppe der Tabloid-Siegelamulette (mit 2 unpublizierten Stücken aus Privatbesitz) /</subfield>
         <subfield code="r">U. Magen --</subfield>
         <subfield code="t">A stamp cylinder seal from central Asia in the British Museum /</subfield>
         <subfield code="r">K.R. Maxwell-Hyslop, B. Mallowan --</subfield>
         <subfield code="t">An inscribed neo-Assyrian stamp seal /</subfield>
         <subfield code="r">T.C. Mitchell --</subfield>
         <subfield code="t">The true and the false: the case of five "Neo-Babylonian" terracottas in the Ashmolean Museum, Oxford /</subfield>
         <subfield code="r">P.R.A. Moorey --</subfield>
      </datafield>
      <datafield tag="505" ind1="0" ind2="0">
         <subfield code="9"/>
         <subfield code="t">Zur Datierung des Sphinxtores von Alaca Hüyük /</subfield>
         <subfield code="r">P. Neve --</subfield>
         <subfield code="t">A votive foundation-nail in the Temple of Maşathöyük /</subfield>
         <subfield code="r">T. Özgüç --</subfield>
         <subfield code="t">Wild als Opfertier /</subfield>
         <subfield code="r">E. von der Osten-Sacken --</subfield>
         <subfield code="t">Random observations on works of Assyrian art /</subfield>
         <subfield code="r">E. Porada, W.W. Hallo. Neuerworbene Rollsiegel des Badischen Landesmuseums in Karlsruhe /</subfield>
         <subfield code="r">E. Rehm --</subfield>
         <subfield code="t">Tokens, seals and administration in Uruk in the fourth millennium B.C. /</subfield>
         <subfield code="r">D. Schmandt-Besserat --</subfield>
         <subfield code="t">Une "Poulie" de Porte en Terre Cuite à Isin /</subfield>
         <subfield code="r">A. Spycket --</subfield>
         <subfield code="t">Ein skythischer Repräsentations-Helm /</subfield>
         <subfield code="r">K. Stähler --</subfield>
         <subfield code="t">Elamier, Perser und Babylonier /</subfield>
         <subfield code="r">E. Strommenger --</subfield>
         <subfield code="t">Ein neuerworbenes Rollsiegel im Athener Nationalmuseum: Überlegungen zum Ziegenmotiv und zum Brokatstil /</subfield>
         <subfield code="r">E. Vikela --</subfield>
         <subfield code="t">Zu den Gründungsbeigaben aus der Mitte der archaischen Zikurrat von Assur /</subfield>
         <subfield code="r">R.-B. Wartke.</subfield>
      </datafield>
      <datafield tag="651" ind1=" " ind2="0">
         <subfield code="a">Middle East</subfield>
         <subfield code="x">Antiquities.</subfield>
      </datafield>
      <datafield tag="650" ind1=" " ind2="0">
         <subfield code="a">Excavations (Archaeology)</subfield>
         <subfield code="z">Middle East.</subfield>
      </datafield>
      <datafield tag="650" ind1=" " ind2="7">
         <subfield code="a">Antiquities.</subfield>
         <subfield code="2">fast</subfield>
         <subfield code="0">(OCoLC)fst00810745</subfield>
      </datafield>
      <datafield tag="650" ind1=" " ind2="7">
         <subfield code="a">Excavations (Archaeology)</subfield>
         <subfield code="2">fast</subfield>
         <subfield code="0">(OCoLC)fst00917564</subfield>
      </datafield>
      <datafield tag="651" ind1=" " ind2="7">
         <subfield code="a">Middle East.</subfield>
         <subfield code="2">fast</subfield>
         <subfield code="0">(OCoLC)fst01241586</subfield>
      </datafield>
      <datafield tag="600" ind1="1" ind2="7">
         <subfield code="a">Mayer-Opificius, Ruth,</subfield>
         <subfield code="d">1928-</subfield>
         <subfield code="0">(DE-588)11917667X</subfield>
         <subfield code="2">gnd</subfield>
      </datafield>
      <datafield tag="650" ind1="0" ind2="7">
         <subfield code="a">Altorientalistik.</subfield>
         <subfield code="0">(DE-588)4142081-0</subfield>
         <subfield code="2">gnd</subfield>
      </datafield>
      <datafield tag="650" ind1="0" ind2="7">
         <subfield code="a">Archäologie.</subfield>
         <subfield code="0">(DE-588)4002827-6</subfield>
         <subfield code="2">gnd</subfield>
      </datafield>
      <datafield tag="650" ind1="0" ind2="7">
         <subfield code="a">Bibliografie.</subfield>
         <subfield code="0">(DE-588)4006432-3</subfield>
         <subfield code="2">gnd</subfield>
      </datafield>
      <datafield tag="650" ind1="0" ind2="7">
         <subfield code="a">Geschichte.</subfield>
         <subfield code="0">(DE-588)4020517-4</subfield>
         <subfield code="2">gnd</subfield>
      </datafield>
      <datafield tag="650" ind1="0" ind2="7">
         <subfield code="a">Kultur.</subfield>
         <subfield code="0">(DE-588)4125698-0</subfield>
         <subfield code="2">gnd</subfield>
      </datafield>
      <datafield tag="650" ind1="0" ind2="7">
         <subfield code="a">Kunst.</subfield>
         <subfield code="0">(DE-588)4114333-4</subfield>
         <subfield code="2">gnd</subfield>
      </datafield>
      <datafield tag="651" ind1=" " ind2="7">
         <subfield code="a">Alter Orient.</subfield>
         <subfield code="0">(DE-588)4001451-4</subfield>
         <subfield code="2">gnd</subfield>
      </datafield>
      <datafield tag="700" ind1="1" ind2=" ">
         <subfield code="a">Owen, David I.,</subfield>
         <subfield code="e">former owner.</subfield>
         <subfield code="5">NyNyUAW</subfield>
      </datafield>
      <datafield tag="740" ind1="0" ind2=" ">
         <subfield code="a">Owen Collection.</subfield>
         <subfield code="5">NyNyUAW</subfield>
      </datafield>
      <datafield tag="700" ind1="1" ind2=" ">
         <subfield code="a">Mayer-Opificius, Ruth.</subfield>
      </datafield>
      <datafield tag="700" ind1="1" ind2=" ">
         <subfield code="a">Cholidis, Nadja.</subfield>
      </datafield>
      <datafield tag="700" ind1="1" ind2=" ">
         <subfield code="a">Dietrich, Manfried.</subfield>
      </datafield>
      <datafield tag="700" ind1="1" ind2=" ">
         <subfield code="a">Loretz, Oswald.</subfield>
      </datafield>
      <datafield tag="776" ind1="0" ind2="8">
         <subfield code="i">Online version:</subfield>
         <subfield code="t">Beschreiben und Deuten in der Archäologie des Alten Orients.</subfield>
         <subfield code="d">Münster : Ugarit-Verlag, 1994</subfield>
         <subfield code="w">(OCoLC)604657736</subfield>
      </datafield>
      <datafield tag="776" ind1="0" ind2="8">
         <subfield code="i">Online version:</subfield>
         <subfield code="t">Beschreiben und Deuten in der Archäologie des Alten Orients.</subfield>
         <subfield code="d">Münster : Ugarit-Verlag, 1994</subfield>
         <subfield code="w">(OCoLC)605703565</subfield>
      </datafield>
      <datafield tag="830" ind1=" " ind2="0">
         <subfield code="a">Altertumskunde des vorderen Orients ;</subfield>
         <subfield code="v">Bd. 4.</subfield>
      </datafield>
      <datafield tag="856" ind1="4" ind2="1">
         <subfield code="3">Table of contents</subfield>
         <subfield code="q">application/pdf</subfield>
         <subfield code="u">http://swbplus.bsz-bw.de/bsz041431766inh.pdf</subfield>
      </datafield>
      <datafield tag="856" ind1="4" ind2="1">
         <subfield code="3">Table of contents</subfield>
         <subfield code="u">http://bvbr.bib-bvb.de:8991/F?func=service&amp;doc_library=BVB01&amp;doc_number=006428362&amp;line_number=0001&amp;func_code=DB_RECORDS&amp;service_type=MEDIA</subfield>
      </datafield>
      <datafield tag="856" ind1="4" ind2="1">
         <subfield code="3">Table of contents</subfield>
         <subfield code="u">http://bvbr.bib-bvb.de:8991/F?func=service&amp;doc_library=BVB01&amp;local_base=BVB01&amp;doc_number=006428362&amp;line_number=0001&amp;func_code=DB_RECORDS&amp;service_type=MEDIA</subfield>
      </datafield>
      <datafield tag="OWN" ind1=" " ind2=" ">
         <subfield code="a">GENERAL</subfield>
      </datafield>
      <datafield tag="AVA" ind1=" " ind2=" ">
         <subfield code="a">NYU50</subfield>
         <subfield code="b">BOBST</subfield>
         <subfield code="c">Main Collection</subfield>
         <subfield code="d">DS56 .B47 1994</subfield>
         <subfield code="e">unavailable</subfield>
         <subfield code="t">Unavailable</subfield>
         <subfield code="f">1</subfield>
         <subfield code="g">1</subfield>
         <subfield code="h">N</subfield>
         <subfield code="i">0</subfield>
         <subfield code="j">MAIN</subfield>
         <subfield code="k">0</subfield>
      </datafield>
      <datafield tag="AVA" ind1=" " ind2=" ">
         <subfield code="a">NYU50</subfield>
         <subfield code="b">NIFA</subfield>
         <subfield code="c">Main Collection</subfield>
         <subfield code="d">DS56 .B47 1994 Non-circulating</subfield>
         <subfield code="e">available</subfield>
         <subfield code="t">Available</subfield>
         <subfield code="f">1</subfield>
         <subfield code="g">0</subfield>
         <subfield code="h">N</subfield>
         <subfield code="i">0</subfield>
         <subfield code="j">MAIN</subfield>
         <subfield code="k">0</subfield>
      </datafield>
      <datafield tag="AVA" ind1=" " ind2=" ">
         <subfield code="a">NYU50</subfield>
         <subfield code="b">NISAW</subfield>
         <subfield code="c">Small Collection</subfield>
         <subfield code="d">DS56 .B47 1994 Non-circulating</subfield>
         <subfield code="e">available</subfield>
         <subfield code="t">Available</subfield>
         <subfield code="f">1</subfield>
         <subfield code="g">0</subfield>
         <subfield code="h">N</subfield>
         <subfield code="i">0</subfield>
         <subfield code="j">SMALL</subfield>
         <subfield code="k">0</subfield>
      </datafield>
      <marc:datafield tag="852" ind1=" " ind2=" ">
         <marc:subfield code="b">Institute for the Study of the Ancient World, </marc:subfield>
         <marc:subfield code="c">Small Collection</marc:subfield>
         <marc:subfield code="e">15 East 84th St., </marc:subfield>
         <marc:subfield code="e">New York, NY  10028</marc:subfield>
      </marc:datafield>
   </record>