
  
  
  
  
  
  
  
  
  
  
  
 
  
  <record xsi:schemaLocation="http://www.loc.gov/MARC21/slim http://www.loc.gov/standards/marcxml/schema/MARC21slim.xsd">
      <leader>00000cam a2200481 i 4500</leader>
      <controlfield tag="FMT">BK</controlfield>
      <controlfield tag="LDR">00000cam a2200481 i 4500</controlfield>
      <controlfield tag="001">004951004</controlfield>
      <controlfield tag="003">OCoLC</controlfield>
      <controlfield tag="005">20170628135925.0</controlfield>
      <controlfield tag="008">170407t20172017mauab    b    000 0 eng</controlfield>
      <datafield tag="010" ind1=" " ind2=" ">
         <subfield code="a">2016051157</subfield>
      </datafield>
      <datafield tag="020" ind1=" " ind2=" ">
         <subfield code="a">9781931909341</subfield>
         <subfield code="q">(paperback</subfield>
         <subfield code="q">alkaline paper)</subfield>
      </datafield>
      <datafield tag="020" ind1=" " ind2=" ">
         <subfield code="a">1931909342</subfield>
         <subfield code="q">(paperback</subfield>
         <subfield code="q">alkaline paper)</subfield>
      </datafield>
      <datafield tag="035" ind1=" " ind2=" ">
         <subfield code="a">(OCoLC)962231479</subfield>
      </datafield>
      <datafield tag="040" ind1=" " ind2=" ">
         <subfield code="a">DLC</subfield>
         <subfield code="b">eng</subfield>
         <subfield code="e">rda</subfield>
         <subfield code="c">DLC</subfield>
         <subfield code="d">BTCTA</subfield>
         <subfield code="d">OCLCO</subfield>
         <subfield code="d">OCLCF</subfield>
         <subfield code="d">ZVP</subfield>
         <subfield code="d">YDX</subfield>
         <subfield code="d">YDX</subfield>
         <subfield code="d">OCLCQ</subfield>
         <subfield code="d">OCLCO</subfield>
         <subfield code="d">MOU</subfield>
      </datafield>
      <datafield tag="042" ind1=" " ind2=" ">
         <subfield code="a">pcc</subfield>
      </datafield>
      <datafield tag="050" ind1="0" ind2="4">
         <subfield code="a">GT530</subfield>
         <subfield code="b">.W53 2017</subfield>
      </datafield>
      <datafield tag="079" ind1=" " ind2=" ">
         <subfield code="a">(OCoLC)962231479</subfield>
      </datafield>
      <datafield tag="082" ind1="0" ind2="0">
         <subfield code="a">391.009</subfield>
         <subfield code="2">23</subfield>
      </datafield>
      <datafield tag="245" ind1="0" ind2="0">
         <subfield code="a">What shall I say of clothes? :</subfield>
         <subfield code="b">theoretical and methodological approaches to the study of dress in Antiquity /</subfield>
         <subfield code="c">edited by Megan Cifarelli and Laura Gawlinski.</subfield>
      </datafield>
      <datafield tag="264" ind1=" " ind2="1">
         <subfield code="a">Boston, MA :</subfield>
         <subfield code="b">Archaeological Institute of America,</subfield>
         <subfield code="c">2017.</subfield>
      </datafield>
      <datafield tag="264" ind1=" " ind2="4">
         <subfield code="c">©2017</subfield>
      </datafield>
      <datafield tag="300" ind1=" " ind2=" ">
         <subfield code="a">xvi, 223 pages :</subfield>
         <subfield code="b">illustrations, maps ;</subfield>
         <subfield code="c">23 cm.</subfield>
      </datafield>
      <datafield tag="336" ind1=" " ind2=" ">
         <subfield code="a">text</subfield>
         <subfield code="b">txt</subfield>
         <subfield code="2">rdacontent</subfield>
      </datafield>
      <datafield tag="337" ind1=" " ind2=" ">
         <subfield code="a">unmediated</subfield>
         <subfield code="b">n</subfield>
         <subfield code="2">rdamedia</subfield>
      </datafield>
      <datafield tag="338" ind1=" " ind2=" ">
         <subfield code="a">volume</subfield>
         <subfield code="b">nc</subfield>
         <subfield code="2">rdacarrier</subfield>
      </datafield>
      <datafield tag="490" ind1="1" ind2=" ">
         <subfield code="a">Selected papers on ancient art and architecture ;</subfield>
         <subfield code="v">number 3</subfield>
      </datafield>
      <datafield tag="504" ind1=" " ind2=" ">
         <subfield code="a">Includes bibliographical references.</subfield>
      </datafield>
      <datafield tag="505" ind1="0" ind2="0">
         <subfield code="g">Acknowledgments --</subfield>
         <subfield code="t">Introduction --</subfield>
         <subfield code="t">Getting dressed.</subfield>
         <subfield code="t">Gods among men : fashioning the divine image in Assyria /</subfield>
         <subfield code="r">Kiersten Neumann ;</subfield>
         <subfield code="t">Early Iron Age adornment with southern Levantine mortuary contexts : an argument for existential significance in understanding material culture /</subfield>
         <subfield code="r">Josephine A. Verduci --</subfield>
         <subfield code="t">Being dressed.</subfield>
         <subfield code="t">Fascinating Fascina : apotropaic magic and how to wear a penis /</subfield>
         <subfield code="r">Allisa M. Whitmore ;</subfield>
         <subfield code="t">Color-coded : the relationship between color, iconography, and theory in Hellenistic and Roman gemstones /</subfield>
         <subfield code="r">Eric Beckman ;</subfield>
         <subfield code="t">Surface tensions on Etruscan and Greek gold jewelry /</subfield>
         <subfield code="r">Alexis Q. Castor ;</subfield>
         <subfield code="t">Costly choices : signaling theory and dress in period IVb Hasanlu, Iran /</subfield>
         <subfield code="r">Megan Cifarelli --</subfield>
         <subfield code="t">Dress and identity.</subfield>
         <subfield code="t">Neolithic blue beads in northwest Turkey : the social significance of Skeuomorphism /</subfield>
         <subfield code="r">Ayşe Bursalt, Rana Özbal, Emmal Baysal, Hadi Özbal, Barış Yağcı ;</subfield>
         <subfield code="t">Fabrics of inclusion : deep wearing and the potentials of materiality on the Apadana reliefs</subfield>
         <subfield code="r">Neville McFerrin ;</subfield>
         <subfield code="t">Theorizing religious dress /</subfield>
         <subfield code="r">Laura Gawlinski ;</subfield>
         <subfield code="t">The costumes of late antique honorific monuments : conformity and divergence within the public and political sphere /</subfield>
         <subfield code="r">Elizabeth Wueste ;</subfield>
         <subfield code="t">Western men, Eastern women? dress and cultural identity in Roman Palmyra /</subfield>
         <subfield code="r">Maura K. Heyn.</subfield>
      </datafield>
      <datafield tag="650" ind1=" " ind2="0">
         <subfield code="a">Clothing and dress</subfield>
         <subfield code="x">History</subfield>
         <subfield code="y">To 500.</subfield>
      </datafield>
      <datafield tag="650" ind1=" " ind2="0">
         <subfield code="a">Clothing and dress</subfield>
         <subfield code="x">History</subfield>
         <subfield code="y">Medieval, 500-1500.</subfield>
      </datafield>
      <datafield tag="650" ind1=" " ind2="7">
         <subfield code="a">Clothing and dress.</subfield>
         <subfield code="2">fast</subfield>
         <subfield code="0">(OCoLC)fst00864680</subfield>
      </datafield>
      <datafield tag="650" ind1=" " ind2="7">
         <subfield code="a">Clothing and dress</subfield>
         <subfield code="x">Medieval.</subfield>
         <subfield code="2">fast</subfield>
         <subfield code="0">(OCoLC)fst01905501</subfield>
      </datafield>
      <datafield tag="648" ind1=" " ind2="7">
         <subfield code="a">To 1500.</subfield>
         <subfield code="2">fast</subfield>
      </datafield>
      <datafield tag="655" ind1=" " ind2="7">
         <subfield code="a">History.</subfield>
         <subfield code="2">fast</subfield>
         <subfield code="0">(OCoLC)fst01411628</subfield>
      </datafield>
      <datafield tag="700" ind1="1" ind2=" ">
         <subfield code="a">Cifarelli, Megan,</subfield>
         <subfield code="d">1965-</subfield>
         <subfield code="e">contributor,</subfield>
         <subfield code="e">editor.</subfield>
      </datafield>
      <datafield tag="700" ind1="1" ind2=" ">
         <subfield code="a">Gawlinski, Laura,</subfield>
         <subfield code="e">contributor,</subfield>
         <subfield code="e">editor.</subfield>
      </datafield>
      <datafield tag="710" ind1="2" ind2=" ">
         <subfield code="a">Archaeological Institute of America,</subfield>
         <subfield code="e">issuing body.</subfield>
      </datafield>
      <datafield tag="830" ind1=" " ind2="0">
         <subfield code="a">Selected papers on ancient art and architecture ;</subfield>
         <subfield code="v">no. 3.</subfield>
      </datafield>
      <datafield tag="OWN" ind1=" " ind2=" ">
         <subfield code="a">GENERAL</subfield>
      </datafield>
      <datafield tag="AVA" ind1=" " ind2=" ">
         <subfield code="a">NYU50</subfield>
         <subfield code="b">BOBST</subfield>
         <subfield code="c">Main Collection</subfield>
         <subfield code="d">GT530 .W53 2017</subfield>
         <subfield code="e">available</subfield>
         <subfield code="t">Available</subfield>
         <subfield code="f">1</subfield>
         <subfield code="g">0</subfield>
         <subfield code="h">N</subfield>
         <subfield code="i">0</subfield>
         <subfield code="j">MAIN</subfield>
         <subfield code="k">0</subfield>
      </datafield>
      <datafield tag="AVA" ind1=" " ind2=" ">
         <subfield code="a">NYU50</subfield>
         <subfield code="b">NIFA</subfield>
         <subfield code="c">Main Collection</subfield>
         <subfield code="d">GT530 .W53 2017 Non-circulating</subfield>
         <subfield code="e">available</subfield>
         <subfield code="t">Available</subfield>
         <subfield code="f">1</subfield>
         <subfield code="g">0</subfield>
         <subfield code="h">N</subfield>
         <subfield code="i">0</subfield>
         <subfield code="j">MAIN</subfield>
         <subfield code="k">0</subfield>
      </datafield>
      <datafield tag="AVA" ind1=" " ind2=" ">
         <subfield code="a">NYU50</subfield>
         <subfield code="b">NISAW</subfield>
         <subfield code="c">Small Collection</subfield>
         <subfield code="d">GT530 .W53 2017 Non-circulating</subfield>
         <subfield code="e">available</subfield>
         <subfield code="t">Available</subfield>
         <subfield code="f">1</subfield>
         <subfield code="g">0</subfield>
         <subfield code="h">N</subfield>
         <subfield code="i">0</subfield>
         <subfield code="j">SMALL</subfield>
         <subfield code="k">0</subfield>
      </datafield>
      <marc:datafield tag="852" ind1=" " ind2=" ">
         <marc:subfield code="b">Institute for the Study of the Ancient World, </marc:subfield>
         <marc:subfield code="c">Small Collection</marc:subfield>
         <marc:subfield code="e">15 East 84th St., </marc:subfield>
         <marc:subfield code="e">New York, NY  10028</marc:subfield>
      </marc:datafield>
   </record>