
  
  
  
  
  
  
  
  
  
  
  
 
  
  <record xsi:schemaLocation="http://www.loc.gov/MARC21/slim http://www.loc.gov/standards/marcxml/schema/MARC21slim.xsd">
      <leader>00000cam a22      i 4500</leader>
      <controlfield tag="FMT">BK</controlfield>
      <controlfield tag="LDR">00000cam a22      i 4500</controlfield>
      <controlfield tag="001">004988948</controlfield>
      <controlfield tag="005">20170512135840.0</controlfield>
      <controlfield tag="008">170510s2014    nju      b    000 0 eng</controlfield>
      <datafield tag="010" ind1=" " ind2=" ">
         <subfield code="a">  2014031566</subfield>
      </datafield>
      <datafield tag="020" ind1=" " ind2=" ">
         <subfield code="a">9781617197383</subfield>
      </datafield>
      <datafield tag="020" ind1=" " ind2=" ">
         <subfield code="a">1617197386</subfield>
      </datafield>
      <datafield tag="035" ind1=" " ind2=" ">
         <subfield code="a">(OCoLC)859196652</subfield>
         <subfield code="z">(OCoLC)660133587</subfield>
      </datafield>
      <datafield tag="040" ind1=" " ind2=" ">
         <subfield code="a">DLC</subfield>
         <subfield code="b">eng</subfield>
         <subfield code="e">rda</subfield>
         <subfield code="c">DLC</subfield>
         <subfield code="d">YDX</subfield>
         <subfield code="d">BTCTA</subfield>
         <subfield code="d">YDXCP</subfield>
         <subfield code="d">OCLCF</subfield>
         <subfield code="d">NLGGC</subfield>
         <subfield code="d">OCLCO</subfield>
         <subfield code="d">ZYU</subfield>
      </datafield>
      <datafield tag="041" ind1="1" ind2=" ">
         <subfield code="a">eng</subfield>
         <subfield code="a">ara</subfield>
         <subfield code="a">cop</subfield>
         <subfield code="a">grc</subfield>
         <subfield code="h">grc</subfield>
      </datafield>
      <datafield tag="042" ind1=" " ind2=" ">
         <subfield code="a">pcc</subfield>
      </datafield>
      <datafield tag="043" ind1=" " ind2=" ">
         <subfield code="a">aw-----</subfield>
         <subfield code="a">mm-----</subfield>
         <subfield code="a">ma-----</subfield>
      </datafield>
      <datafield tag="050" ind1="0" ind2="0">
         <subfield code="a">BR65.S3956</subfield>
         <subfield code="b">Y68 2014</subfield>
      </datafield>
      <datafield tag="079" ind1=" " ind2=" ">
         <subfield code="a">(OCoLC)859196652</subfield>
      </datafield>
      <datafield tag="082" ind1="0" ind2="0">
         <subfield code="a">270.2092</subfield>
         <subfield code="2">23</subfield>
      </datafield>
      <datafield tag="100" ind1="1" ind2=" ">
         <subfield code="a">Youssef, Youhanna Nessim,</subfield>
         <subfield code="e">author.</subfield>
      </datafield>
      <datafield tag="245" ind1="1" ind2="4">
         <subfield code="a">The life and works of Severus of Antioch in the Coptic and Copto-Arabic tradition :</subfield>
         <subfield code="b">texts and commentaries /</subfield>
         <subfield code="c">Youhanna Youssef.</subfield>
      </datafield>
      <datafield tag="264" ind1=" " ind2="1">
         <subfield code="a">Piscataway, NJ :</subfield>
         <subfield code="b">Gorgias Press,</subfield>
         <subfield code="c">2014.</subfield>
      </datafield>
      <datafield tag="300" ind1=" " ind2=" ">
         <subfield code="a">xii, 463 pages ;</subfield>
         <subfield code="c">24 cm.</subfield>
      </datafield>
      <datafield tag="336" ind1=" " ind2=" ">
         <subfield code="a">text</subfield>
         <subfield code="2">rdacontent</subfield>
      </datafield>
      <datafield tag="337" ind1=" " ind2=" ">
         <subfield code="a">unmediated</subfield>
         <subfield code="2">rdamedia</subfield>
      </datafield>
      <datafield tag="338" ind1=" " ind2=" ">
         <subfield code="a">volume</subfield>
         <subfield code="2">rdacarrier</subfield>
      </datafield>
      <datafield tag="490" ind1="1" ind2=" ">
         <subfield code="a">Gorgias Eastern Christian studies,</subfield>
         <subfield code="x">1539-1507 ;</subfield>
         <subfield code="v">28</subfield>
      </datafield>
      <datafield tag="504" ind1=" " ind2=" ">
         <subfield code="a">Includes bibliographical references (pages 429-463).</subfield>
      </datafield>
      <datafield tag="546" ind1=" " ind2=" ">
         <subfield code="a">Translations in English, Arabic, and Coptic, with original texts in Greek. Commentary in English</subfield>
      </datafield>
      <datafield tag="600" ind1="0" ind2="0">
         <subfield code="a">Severus,</subfield>
         <subfield code="c">of Antioch,</subfield>
         <subfield code="d">approximately 465-538.</subfield>
      </datafield>
      <datafield tag="610" ind1="2" ind2="0">
         <subfield code="a">Coptic Church.</subfield>
      </datafield>
      <datafield tag="650" ind1=" " ind2="0">
         <subfield code="a">Christians</subfield>
         <subfield code="z">Arab countries.</subfield>
      </datafield>
      <datafield tag="651" ind1=" " ind2="7">
         <subfield code="a">Aegyptus.</subfield>
         <subfield code="2">pleiades</subfield>
         <subfield code="0">https://pleiades.stoa.org/places/766</subfield>
         <subfield code="5">NyNyUAW</subfield>
      </datafield>
      <datafield tag="651" ind1=" " ind2="7">
         <subfield code="a">Antiochia/Theoupolis.</subfield>
         <subfield code="2">pleiades</subfield>
         <subfield code="0">https://pleiades.stoa.org/places/658381</subfield>
         <subfield code="5">NyNyUAW</subfield>
      </datafield>
      <datafield tag="600" ind1="0" ind2="7">
         <subfield code="a">Severus,</subfield>
         <subfield code="c">of Antioch,</subfield>
         <subfield code="d">approximately 465-538.</subfield>
         <subfield code="2">fast</subfield>
         <subfield code="0">(OCoLC)fst01846865</subfield>
      </datafield>
      <datafield tag="610" ind1="2" ind2="7">
         <subfield code="a">Coptic Church.</subfield>
         <subfield code="2">fast</subfield>
         <subfield code="0">(OCoLC)fst00536919</subfield>
      </datafield>
      <datafield tag="650" ind1=" " ind2="7">
         <subfield code="a">Christians.</subfield>
         <subfield code="2">fast</subfield>
         <subfield code="0">(OCoLC)fst00859760</subfield>
      </datafield>
      <datafield tag="651" ind1=" " ind2="7">
         <subfield code="a">Arab countries.</subfield>
         <subfield code="2">fast</subfield>
         <subfield code="0">(OCoLC)fst01240128</subfield>
      </datafield>
      <datafield tag="610" ind1="2" ind2="4">
         <subfield code="a">Coptic Church.</subfield>
      </datafield>
      <datafield tag="700" ind1="0" ind2="2">
         <subfield code="i">Container of (expression):</subfield>
         <subfield code="a">Severus,</subfield>
         <subfield code="c">of Antioch,</subfield>
         <subfield code="d">approximately 465-538.</subfield>
         <subfield code="t">Selections.</subfield>
      </datafield>
      <datafield tag="700" ind1="0" ind2="2">
         <subfield code="i">Container of (expression):</subfield>
         <subfield code="a">Severus,</subfield>
         <subfield code="c">of Antioch,</subfield>
         <subfield code="d">approximately 465-538.</subfield>
         <subfield code="t">Selections.</subfield>
         <subfield code="l">Coptic.</subfield>
      </datafield>
      <datafield tag="700" ind1="0" ind2="2">
         <subfield code="i">Container of (expression):</subfield>
         <subfield code="a">Severus,</subfield>
         <subfield code="c">of Antioch,</subfield>
         <subfield code="d">approximately 465-538.</subfield>
         <subfield code="t">Selections.</subfield>
         <subfield code="l">Arabic.</subfield>
      </datafield>
      <datafield tag="700" ind1="0" ind2="2">
         <subfield code="i">Container of (expression):</subfield>
         <subfield code="a">Severus,</subfield>
         <subfield code="c">of Antioch,</subfield>
         <subfield code="d">approximately 465-538.</subfield>
         <subfield code="t">Selections.</subfield>
         <subfield code="l">English.</subfield>
      </datafield>
      <datafield tag="830" ind1=" " ind2="0">
         <subfield code="a">Gorgias Eastern Christianity studies ;</subfield>
         <subfield code="v">28.</subfield>
      </datafield>
      <datafield tag="OWN" ind1=" " ind2=" ">
         <subfield code="a">GENERAL</subfield>
      </datafield>
      <datafield tag="AVA" ind1=" " ind2=" ">
         <subfield code="a">NYU50</subfield>
         <subfield code="b">NISAW</subfield>
         <subfield code="c">Small Collection</subfield>
         <subfield code="d">BR65.S3956 Y68 2014 Non-circulating</subfield>
         <subfield code="e">available</subfield>
         <subfield code="t">Available</subfield>
         <subfield code="f">1</subfield>
         <subfield code="g">0</subfield>
         <subfield code="h">N</subfield>
         <subfield code="i">0</subfield>
         <subfield code="j">SMALL</subfield>
         <subfield code="k">0</subfield>
      </datafield>
      <marc:datafield tag="852" ind1=" " ind2=" ">
         <marc:subfield code="b">Institute for the Study of the Ancient World, </marc:subfield>
         <marc:subfield code="c">Small Collection</marc:subfield>
         <marc:subfield code="e">15 East 84th St., </marc:subfield>
         <marc:subfield code="e">New York, NY  10028</marc:subfield>
      </marc:datafield>
   </record>