
  
  
  
  
  
  
  
  
  
  
  
  
  
  
 
  
  <record xsi:schemaLocation="http://www.loc.gov/MARC21/slim http://www.loc.gov/standards/marcxml/schema/MARC21slim.xsd">
      <leader>00000cam a2200421 i 4500</leader>
      <controlfield tag="FMT">BK</controlfield>
      <controlfield tag="LDR">00000cam a2200421 i 4500</controlfield>
      <controlfield tag="001">004989350</controlfield>
      <controlfield tag="003">OCoLC</controlfield>
      <controlfield tag="005">20170804100923.0</controlfield>
      <controlfield tag="008">791204s1978    ru a     b    001 0 ruso</controlfield>
      <datafield tag="010" ind1=" " ind2=" ">
         <subfield code="a">79389544</subfield>
      </datafield>
      <datafield tag="015" ind1=" " ind2=" ">
         <subfield code="a">USSR79</subfield>
      </datafield>
      <datafield tag="035" ind1=" " ind2=" ">
         <subfield code="a">(OCoLC)5892796</subfield>
      </datafield>
      <datafield tag="040" ind1=" " ind2=" ">
         <subfield code="a">DLC</subfield>
         <subfield code="b">eng</subfield>
         <subfield code="c">DLC</subfield>
         <subfield code="d">OCLCF</subfield>
         <subfield code="d">OCLCQ</subfield>
         <subfield code="d">OCLCO</subfield>
         <subfield code="d">ZYU</subfield>
      </datafield>
      <datafield tag="041" ind1="0" ind2=" ">
         <subfield code="a">rus</subfield>
         <subfield code="b">eng</subfield>
      </datafield>
      <datafield tag="043" ind1=" " ind2=" ">
         <subfield code="a">a------</subfield>
         <subfield code="a">aw-----</subfield>
      </datafield>
      <datafield tag="050" ind1="0" ind2="0">
         <subfield code="a">DS33</subfield>
         <subfield code="b">.K84</subfield>
      </datafield>
      <datafield tag="079" ind1=" " ind2=" ">
         <subfield code="a">(OCoLC)5892796</subfield>
      </datafield>
      <datafield tag="245" ind1="0" ind2="0">
         <subfield code="6">880-01</subfield>
         <subfield code="a">Kulʹtura Vostoka :</subfield>
         <subfield code="b">Drevnostʹ i rannee srednevekovʹe : sbornik stateĭ /</subfield>
         <subfield code="c">[Nauch. red. V.G. Lukonin].</subfield>
      </datafield>
      <datafield tag="260" ind1=" " ind2=" ">
         <subfield code="6">880-02</subfield>
         <subfield code="a">Leningrad :</subfield>
         <subfield code="b">Avrora,</subfield>
         <subfield code="c">1978.</subfield>
      </datafield>
      <datafield tag="300" ind1=" " ind2=" ">
         <subfield code="a">240 pages :</subfield>
         <subfield code="b">illustrations ;</subfield>
         <subfield code="c">27 cm</subfield>
      </datafield>
      <datafield tag="336" ind1=" " ind2=" ">
         <subfield code="a">text</subfield>
         <subfield code="b">txt</subfield>
         <subfield code="2">rdacontent</subfield>
      </datafield>
      <datafield tag="337" ind1=" " ind2=" ">
         <subfield code="a">unmediated</subfield>
         <subfield code="b">n</subfield>
         <subfield code="2">rdamedia</subfield>
      </datafield>
      <datafield tag="338" ind1=" " ind2=" ">
         <subfield code="a">volume</subfield>
         <subfield code="b">nc</subfield>
         <subfield code="2">rdacarrier</subfield>
      </datafield>
      <datafield tag="500" ind1=" " ind2=" ">
         <subfield code="a">ISAW copy is from the library of Aleksandr Leskov.</subfield>
         <subfield code="5">NyNyUAW</subfield>
      </datafield>
      <datafield tag="500" ind1=" " ind2=" ">
         <subfield code="a">Summaries in English; table of contents also in English.</subfield>
      </datafield>
      <datafield tag="504" ind1=" " ind2=" ">
         <subfield code="a">Includes bibliographical references and index.</subfield>
      </datafield>
      <datafield tag="500" ind1=" " ind2=" ">
         <subfield code="6">880-03</subfield>
         <subfield code="a">At head of title: Gosudarstvennyĭ ordena Lenina Ėrmitazh. Otdel Vostoka.</subfield>
      </datafield>
      <datafield tag="505" ind1="0" ind2="0">
         <subfield code="g">English-language table of contents:</subfield>
         <subfield code="g">Ancient Egypt.</subfield>
         <subfield code="t">A stele with the name of Setau /</subfield>
         <subfield code="r">N. Landa --</subfield>
         <subfield code="t">A bronze situla with representations relating to the solar cult /</subfield>
         <subfield code="r">I. Lapis.</subfield>
         <subfield code="g">Countries of the Mediterranean Near East.</subfield>
         <subfield code="t">Reading Sumerian reliefs /</subfield>
         <subfield code="r">V. Afanasyeva --</subfield>
         <subfield code="t">The "King's brothers" in the genealogy of the Hurrian rulers of Arrapha /</subfield>
         <subfield code="r">N. Jankowska --</subfield>
         <subfield code="t">Pottery vessels with a side spout in the ancient Orient /</subfield>
         <subfield code="r">I. Medvedskaya --</subfield>
         <subfield code="t">Iranian religions from the eighth century B.C. to the seventh sentury A.D. /</subfield>
         <subfield code="r">R. Ghirshman --</subfield>
         <subfield code="t">Some notes on archaic Cypriot vase painting /</subfield>
         <subfield code="r">S. Boriskovskaya --</subfield>
         <subfield code="t">Early Sassanian rock reliefs and inscriptions at Nagsh-i Rajab, Iran /</subfield>
         <subfield code="r">V. Lukonin --</subfield>
         <subfield code="t">Artistic contacts between Byzantium and contiguous countries from the tenth to the thirteenth centuries /</subfield>
         <subfield code="r">A. Bank.</subfield>
         <subfield code="g">Urartu, Scythia, the Caucasus.</subfield>
         <subfield code="t">A study in Urartian hieroglyphic writing : the decipherment of a sign and the reading of some inscriptions /</subfield>
         <subfield code="r">A. Vaiman --</subfield>
         <subfield code="t">Armavir in Urartian times : a study of archaeological materials /</subfield>
         <subfield code="r">G. Tiratsian --</subfield>
         <subfield code="t">New developments in the study of north-western Scythian archaeology (the western Podolian group of sites) /</subfield>
         <subfield code="r">G. Smirnova --</subfield>
         <subfield code="t">The pectoral from the barrow of Tolstaya Mogila and the great goddesses of Scythia /</subfield>
         <subfield code="r">D. Machinsky --</subfield>
         <subfield code="t">Alanian world and the silk route /</subfield>
         <subfield code="r">A. Jerusalimskaya.</subfield>
         <subfield code="g">Central Asia.</subfield>
         <subfield code="t">Interpretation of some rock drawings in the gorge of Saimaly-Tash /</subfield>
         <subfield code="r">Ya. Sher --</subfield>
         <subfield code="t">Archaeological evidence of the social structure and ideology of the nomads of Asia /</subfield>
         <subfield code="r">S. Sorokin --</subfield>
         <subfield code="t">The political history of ancient Transoxiana in light of numismatic data /</subfield>
         <subfield code="r">Ye. Zeimal --</subfield>
         <subfield code="t">The earliest known representation of a siege machine in Central Asian art /</subfield>
         <subfield code="r">A. Belenitsky, B. Marshak --</subfield>
         <subfield code="t">Folklore motifs and apotropaic images in the medieval plastic art of east Turkestan /</subfield>
         <subfield code="r">N. Dyakonova.</subfield>
      </datafield>
      <datafield tag="651" ind1=" " ind2="0">
         <subfield code="a">Asia</subfield>
         <subfield code="x">Antiquities.</subfield>
      </datafield>
      <datafield tag="651" ind1=" " ind2="0">
         <subfield code="a">Asia</subfield>
         <subfield code="x">Civilization</subfield>
         <subfield code="y">To 1500.</subfield>
      </datafield>
      <datafield tag="700" ind1="1" ind2=" ">
         <subfield code="a">Leskov, Aleksandr Mikhaĭlovich,</subfield>
         <subfield code="e">former owner.</subfield>
         <subfield code="5">NyNyUAW</subfield>
      </datafield>
      <datafield tag="740" ind1="0" ind2=" ">
         <subfield code="a">Leskov Collection.</subfield>
         <subfield code="5">NyNyUAW</subfield>
      </datafield>
      <datafield tag="700" ind1="1" ind2=" ">
         <subfield code="6">880-04</subfield>
         <subfield code="a">Lukonin, Vladimir Grigorʹevich,</subfield>
         <subfield code="e">editor.</subfield>
      </datafield>
      <datafield tag="710" ind1="2" ind2=" ">
         <subfield code="6">880-05</subfield>
         <subfield code="a">Gosudarstvennyĭ Ėrmitazh (Russia).</subfield>
         <subfield code="b">Otdel Vostoka,</subfield>
         <subfield code="e">issuing body.</subfield>
      </datafield>
      <datafield tag="880" ind1="0" ind2="0">
         <subfield code="6">245-01/</subfield>
         <subfield code="a">Культура Востока :</subfield>
         <subfield code="b">Древность и раннее средневековье : сборник статей /</subfield>
         <subfield code="c">[Науч. ред. В.Г. Луконин].</subfield>
      </datafield>
      <datafield tag="880" ind1=" " ind2=" ">
         <subfield code="6">260-02/</subfield>
         <subfield code="a">Ленинград :</subfield>
         <subfield code="b">Аврора,</subfield>
         <subfield code="c">1978.</subfield>
      </datafield>
      <datafield tag="880" ind1=" " ind2=" ">
         <subfield code="6">500-03/</subfield>
         <subfield code="a">At head of title: Государственный ордена Ленина Эрмитаж. Отдел Востока.</subfield>
      </datafield>
      <datafield tag="880" ind1="1" ind2=" ">
         <subfield code="6">700-04/</subfield>
         <subfield code="a">Луконин, Владимир Григорьевич,</subfield>
         <subfield code="e">editor.</subfield>
      </datafield>
      <datafield tag="880" ind1="2" ind2=" ">
         <subfield code="6">710-05/</subfield>
         <subfield code="a">Государственный Эрмитаж (Руссиа).</subfield>
         <subfield code="b">Отдел Востока,</subfield>
         <subfield code="e">issuing body.</subfield>
      </datafield>
      <datafield tag="994" ind1=" " ind2=" ">
         <subfield code="a">Z0</subfield>
         <subfield code="b">ZYU</subfield>
      </datafield>
      <datafield tag="OWN" ind1=" " ind2=" ">
         <subfield code="a">GENERAL</subfield>
      </datafield>
      <datafield tag="AVA" ind1=" " ind2=" ">
         <subfield code="a">NYU50</subfield>
         <subfield code="b">NISAW</subfield>
         <subfield code="c">Large Collection</subfield>
         <subfield code="d">DS33 .K84 1978 Non-circulating</subfield>
         <subfield code="e">available</subfield>
         <subfield code="t">Available</subfield>
         <subfield code="f">1</subfield>
         <subfield code="g">0</subfield>
         <subfield code="h">N</subfield>
         <subfield code="i">0</subfield>
         <subfield code="j">LARGE</subfield>
         <subfield code="k">0</subfield>
      </datafield>
      <marc:datafield tag="852" ind1=" " ind2=" ">
         <marc:subfield code="b">Institute for the Study of the Ancient World, </marc:subfield>
         <marc:subfield code="c">Large Collection</marc:subfield>
         <marc:subfield code="e">15 East 84th St., </marc:subfield>
         <marc:subfield code="e">New York, NY  10028</marc:subfield>
      </marc:datafield>
   </record>