
  
  
  
  
  
  
  
  
  
  
  
  
  
  
 
  
  <record xsi:schemaLocation="http://www.loc.gov/MARC21/slim http://www.loc.gov/standards/marcxml/schema/MARC21slim.xsd">
      <leader>00000cam a2200529Mi 4500</leader>
      <controlfield tag="FMT">BK</controlfield>
      <controlfield tag="LDR">00000cam a2200529Mi 4500</controlfield>
      <controlfield tag="001">004993362</controlfield>
      <controlfield tag="003">OCoLC</controlfield>
      <controlfield tag="005">20170725152259.0</controlfield>
      <controlfield tag="008">160812s2015    ru ac         010 0drus d</controlfield>
      <datafield tag="020" ind1=" " ind2=" ">
         <subfield code="a">9785780302551</subfield>
      </datafield>
      <datafield tag="020" ind1=" " ind2=" ">
         <subfield code="a">5780302553</subfield>
      </datafield>
      <datafield tag="035" ind1=" " ind2=" ">
         <subfield code="a">(OCoLC)958391111</subfield>
      </datafield>
      <datafield tag="040" ind1=" " ind2=" ">
         <subfield code="a">EVIEW</subfield>
         <subfield code="b">eng</subfield>
         <subfield code="e">rda</subfield>
         <subfield code="c">EVIEW</subfield>
         <subfield code="d">UIU</subfield>
         <subfield code="d">ZYU</subfield>
      </datafield>
      <datafield tag="043" ind1=" " ind2=" ">
         <subfield code="a">e-urs--</subfield>
         <subfield code="a">ac-----</subfield>
      </datafield>
      <datafield tag="050" ind1=" " ind2="4">
         <subfield code="a">CC97.R9</subfield>
         <subfield code="b">V89 2015</subfield>
      </datafield>
      <datafield tag="079" ind1=" " ind2=" ">
         <subfield code="a">(OCoLC)958391111</subfield>
      </datafield>
      <datafield tag="245" ind1="0" ind2="0">
         <subfield code="6">880-01</subfield>
         <subfield code="a">Vozvrashchenie k istokam :</subfield>
         <subfield code="b">sbornik pami͡ati vydai͡ushchegosi͡a arkheologa Vadima Aleksandrovicha Ranova /</subfield>
         <subfield code="c">otvetstvennye redaktory A.P. Derevi͡anko, M.V. Shunʹkov.</subfield>
      </datafield>
      <datafield tag="264" ind1=" " ind2="1">
         <subfield code="6">880-02</subfield>
         <subfield code="a">Novosibirsk :</subfield>
         <subfield code="b">Institut arkheologii i ėtnografii SO RAN,</subfield>
         <subfield code="c">2015.</subfield>
      </datafield>
      <datafield tag="300" ind1=" " ind2=" ">
         <subfield code="a">255 pages :</subfield>
         <subfield code="b">illustrations, portraits ;</subfield>
         <subfield code="c">25 cm</subfield>
      </datafield>
      <datafield tag="336" ind1=" " ind2=" ">
         <subfield code="a">text</subfield>
         <subfield code="b">txt</subfield>
         <subfield code="2">rdacontent</subfield>
      </datafield>
      <datafield tag="337" ind1=" " ind2=" ">
         <subfield code="a">unmediated</subfield>
         <subfield code="b">n</subfield>
         <subfield code="2">rdamedia</subfield>
      </datafield>
      <datafield tag="338" ind1=" " ind2=" ">
         <subfield code="a">volume</subfield>
         <subfield code="b">nc</subfield>
         <subfield code="2">rdacarrier</subfield>
      </datafield>
      <datafield tag="500" ind1=" " ind2=" ">
         <subfield code="6">880-03</subfield>
         <subfield code="a">At head of title: Federalʹnoe agentstvo nauchnykh organizat͡sii. Institut arkheologii i ėtnografii SO RAN.</subfield>
      </datafield>
      <datafield tag="504" ind1=" " ind2=" ">
         <subfield code="a">Title page and table of contents also in English.</subfield>
      </datafield>
      <datafield tag="505" ind1="0" ind2="0">
         <subfield code="g">English-language table of contents:</subfield>
         <subfield code="t">Memories of Vadim Ranov.</subfield>
         <subfield code="t">Paleoecology of Central and Northern Asia.</subfield>
         <subfield code="t">Paleosoil of Honaco-3 (geochronology, structure, composition) /</subfield>
         <subfield code="r">P.M. Sosin [and three others] /</subfield>
         <subfield code="t">Human and environment in the Central Siberia during the Middle and Late Pleistocene /</subfield>
         <subfield code="r">N.I Drozdov [and two others].</subfield>
         <subfield code="t">The stone age of Central and Northern Asia.</subfield>
         <subfield code="t">Clarifying the cultural-technological interpretation of Djar-Kutan site industry (Tajikistan) /</subfield>
         <subfield code="r">V.A. Ranov [and two others] --</subfield>
         <subfield code="t">Middle/Upper Paleolithic boundary in western Central Asia: technological analyses of lithic materials from Khudji site (1978 excavations) /</subfield>
         <subfield code="r">V.A. Ranov [and two others] --</subfield>
         <subfield code="t">Knapping technology in Middle Paleolithic of Kyrgyzstan (Tossor site industry) /</subfield>
         <subfield code="r">E.P. Rybin [and two others] --</subfield>
         <subfield code="t">The new interpretation of the complexes from Samarkand site /</subfield>
         <subfield code="r">K.A. Kolobova [and two others] --</subfield>
         <subfield code="t">Shugnou : the unique Upper Paleolithic site of Central Asia /</subfield>
         <subfield code="r">V.A. Ranov [and three others] --</subfield>
         <subfield code="t">Raw material strategy during the Late Mesolithic in the Western part of Central Asia (based on Tutkaul site, horizon 2a) /</subfield>
         <subfield code="r">S.V. Shnaider [and three others] --</subfield>
         <subfield code="t">Alay site /</subfield>
         <subfield code="r">V.A. Ranov [and two others] --</subfield>
         <subfield code="t">Research results from the Stone Age site Alamyshik, 2012-2013 /</subfield>
         <subfield code="r">A.K. Abdykanova [and four others] --</subfield>
         <subfield code="t">Kukayaz sites revisited : A problem with dating the bifacial technology in Central Asia /</subfield>
         <subfield code="r">M. Kot [and five others] --</subfield>
         <subfield code="t">Mesolithic Age as a period in western Transbaikalia : problems of separation /</subfield>
         <subfield code="r">G.D. Pavlenok.</subfield>
         <subfield code="t">The Rock Art of Central Asia.</subfield>
         <subfield code="t">Contribution of V.A. Ranov to the rock art study in Tajikstan /</subfield>
         <subfield code="r">B. Bobomulloev.</subfield>
      </datafield>
      <datafield tag="600" ind1="1" ind2="0">
         <subfield code="a">Ranov, V. A.</subfield>
         <subfield code="q">(Vadim Aleksandrovich)</subfield>
         <subfield code="v">Biography.</subfield>
      </datafield>
      <datafield tag="651" ind1=" " ind2="0">
         <subfield code="a">Asia, Central</subfield>
         <subfield code="x">Antiquities.</subfield>
      </datafield>
      <datafield tag="651" ind1=" " ind2="0">
         <subfield code="a">Siberia (Russia)</subfield>
         <subfield code="x">Antiquities.</subfield>
      </datafield>
      <datafield tag="650" ind1=" " ind2="0">
         <subfield code="a">Excavations (Archaeology)</subfield>
         <subfield code="z">Asia, Central.</subfield>
      </datafield>
      <datafield tag="650" ind1=" " ind2="0">
         <subfield code="a">Excavations (Archaeology)</subfield>
         <subfield code="z">Russia (Federation)</subfield>
         <subfield code="z">Siberia.</subfield>
      </datafield>
      <datafield tag="650" ind1=" " ind2="0">
         <subfield code="a">Stone age</subfield>
         <subfield code="z">Asia, Central.</subfield>
      </datafield>
      <datafield tag="650" ind1=" " ind2="0">
         <subfield code="a">Stone age</subfield>
         <subfield code="z">Russia (Federation)</subfield>
         <subfield code="z">Siberia.</subfield>
      </datafield>
      <datafield tag="700" ind1="1" ind2=" ">
         <subfield code="6">880-04</subfield>
         <subfield code="a">Derevi͡anko, A. P.</subfield>
         <subfield code="q">(Anatoliĭ Panteleevich),</subfield>
         <subfield code="e">editor.</subfield>
      </datafield>
      <datafield tag="700" ind1="1" ind2=" ">
         <subfield code="6">880-05</subfield>
         <subfield code="a">Shunʹkov, M. V.</subfield>
         <subfield code="q">(Mikhail Vasilʹevich),</subfield>
         <subfield code="e">editor.</subfield>
      </datafield>
      <datafield tag="700" ind1="1" ind2=" ">
         <subfield code="6">880-06</subfield>
         <subfield code="a">Ranov, V. A.</subfield>
         <subfield code="q">(Vadim Aleksandrovich),</subfield>
         <subfield code="e">honoree.</subfield>
      </datafield>
      <datafield tag="710" ind1="2" ind2=" ">
         <subfield code="6">880-07</subfield>
         <subfield code="a">Federalʹnoe agentstvo nauchnykh organizat͡siĭ Rossii,</subfield>
         <subfield code="e">issuing body.</subfield>
      </datafield>
      <datafield tag="710" ind1="2" ind2=" ">
         <subfield code="6">880-08</subfield>
         <subfield code="a">Institut arkheologii i ėtnografii (Rossiĭskai͡a akademii͡a nauk. Sibirskoe otdelenie),</subfield>
         <subfield code="e">issuing body.</subfield>
      </datafield>
      <datafield tag="880" ind1="0" ind2="0">
         <subfield code="6">245-01/</subfield>
         <subfield code="a">Возвращение к истокам :</subfield>
         <subfield code="b">сборник памяти выдающегося археолога Вадима Александровича Ранова /</subfield>
         <subfield code="c">ответственные редакторы А.П. Деревянко, М.В. Шуньков.</subfield>
      </datafield>
      <datafield tag="880" ind1=" " ind2="1">
         <subfield code="6">264-02/</subfield>
         <subfield code="a">Новосибирск :</subfield>
         <subfield code="b">Институт археологии и этнографии СО РАН,</subfield>
         <subfield code="c">2015.</subfield>
      </datafield>
      <datafield tag="880" ind1=" " ind2=" ">
         <subfield code="6">500-03/</subfield>
         <subfield code="a">At head of title: Федеральное агентство научных организации. Институт археологии и этнографии СО РАН.</subfield>
      </datafield>
      <datafield tag="880" ind1="1" ind2=" ">
         <subfield code="6">700-04/</subfield>
         <subfield code="a">Деревянко, А. П.</subfield>
         <subfield code="q">(Анатолий Пантелеевич),</subfield>
         <subfield code="e">editor.</subfield>
      </datafield>
      <datafield tag="880" ind1="1" ind2=" ">
         <subfield code="6">700-05/</subfield>
         <subfield code="a">Шуньков, M. В.</subfield>
         <subfield code="q">(Mихаил Вaсильевич),</subfield>
         <subfield code="e">editor.</subfield>
      </datafield>
      <datafield tag="880" ind1="1" ind2=" ">
         <subfield code="6">700-06/</subfield>
         <subfield code="a">Ранов, В. А.</subfield>
         <subfield code="q">(Вадим Александрович),</subfield>
         <subfield code="e">honoree.</subfield>
      </datafield>
      <datafield tag="880" ind1="2" ind2=" ">
         <subfield code="6">710-07/</subfield>
         <subfield code="a">Федеральное агентство научных организаций России,</subfield>
         <subfield code="e">issuing body.</subfield>
      </datafield>
      <datafield tag="880" ind1="2" ind2=" ">
         <subfield code="6">710-08/</subfield>
         <subfield code="a">Институт археологии и этнографии (Российская академия наук. Сибирское отделение),</subfield>
         <subfield code="e">issuing body.</subfield>
      </datafield>
      <datafield tag="994" ind1=" " ind2=" ">
         <subfield code="a">Z0</subfield>
         <subfield code="b">ZYU</subfield>
      </datafield>
      <datafield tag="OWN" ind1=" " ind2=" ">
         <subfield code="a">GENERAL</subfield>
      </datafield>
      <datafield tag="AVA" ind1=" " ind2=" ">
         <subfield code="a">NYU50</subfield>
         <subfield code="b">NISAW</subfield>
         <subfield code="c">Small Collection</subfield>
         <subfield code="d">CC97.R9 V89 2015 Non-circulating</subfield>
         <subfield code="e">available</subfield>
         <subfield code="t">Available</subfield>
         <subfield code="f">1</subfield>
         <subfield code="g">0</subfield>
         <subfield code="h">N</subfield>
         <subfield code="i">0</subfield>
         <subfield code="j">SMALL</subfield>
         <subfield code="k">0</subfield>
      </datafield>
      <marc:datafield tag="852" ind1=" " ind2=" ">
         <marc:subfield code="b">Institute for the Study of the Ancient World, </marc:subfield>
         <marc:subfield code="c">Small Collection</marc:subfield>
         <marc:subfield code="e">15 East 84th St., </marc:subfield>
         <marc:subfield code="e">New York, NY  10028</marc:subfield>
      </marc:datafield>
   </record>