
  
  
  
  
  
  
  
 
  
  <record xsi:schemaLocation="http://www.loc.gov/MARC21/slim http://www.loc.gov/standards/marcxml/schema/MARC21slim.xsd">
      <leader>00000cam a2200229 a 4500</leader>
      <controlfield tag="FMT">BK</controlfield>
      <controlfield tag="LDR">00000cam a2200229 a 4500</controlfield>
      <controlfield tag="001">002447986</controlfield>
      <controlfield tag="003">NNU</controlfield>
      <controlfield tag="005">20130910153428.0</controlfield>
      <controlfield tag="008">740822s1973    it f          01| 0 eng u</controlfield>
      <datafield tag="035" ind1="9" ind2=" ">
         <subfield code="a">NYUb10088490</subfield>
      </datafield>
      <datafield tag="035" ind1=" " ind2=" ">
         <subfield code="a">(CStRLIN)NYUG0987528B</subfield>
      </datafield>
      <datafield tag="035" ind1=" " ind2=" ">
         <subfield code="a">GLIS000884905</subfield>
      </datafield>
      <datafield tag="040" ind1=" " ind2=" ">
         <subfield code="c">PU</subfield>
         <subfield code="d">NNU</subfield>
         <subfield code="d">CStRLIN</subfield>
         <subfield code="d">NNU</subfield>
      </datafield>
      <datafield tag="043" ind1=" " ind2=" ">
         <subfield code="a">aw-----</subfield>
      </datafield>
      <datafield tag="050" ind1=" " ind2="4">
         <subfield code="a">DS56</subfield>
         <subfield code="b">.B83 1973</subfield>
      </datafield>
      <datafield tag="079" ind1=" " ind2=" ">
         <subfield code="a">(OCoLC)987528</subfield>
      </datafield>
      <datafield tag="100" ind1="1" ind2=" ">
         <subfield code="a">Buccellati, Giorgio.</subfield>
      </datafield>
      <datafield tag="245" ind1="1" ind2="0">
         <subfield code="a">Approaches to the study of the ancient Near East;</subfield>
         <subfield code="b">a volume of studies offered to Ignace Jay Gelb on the occasion of his 65th birthday, October 14, 1972.</subfield>
         <subfield code="c">edited by Giorgio Buccellati.</subfield>
      </datafield>
      <datafield tag="246" ind1="3" ind2="8">
         <subfield code="a">Gelb volume, approaches to the study of ANE</subfield>
      </datafield>
      <datafield tag="246" ind1="3" ind2=" ">
         <subfield code="a">Approaches to the study of ANE</subfield>
      </datafield>
      <datafield tag="260" ind1=" " ind2=" ">
         <subfield code="a">Rome :</subfield>
         <subfield code="b">Biblical Institute Press ;</subfield>
         <subfield code="a">Los Angeles :</subfield>
         <subfield code="b">Undena Publications,</subfield>
         <subfield code="c">[1973]</subfield>
      </datafield>
      <datafield tag="300" ind1=" " ind2=" ">
         <subfield code="a">iv, 337 p., [3] p. of plates :</subfield>
         <subfield code="b">ill., port. ;</subfield>
         <subfield code="c">27 cm.</subfield>
      </datafield>
      <datafield tag="500" ind1=" " ind2=" ">
         <subfield code="a">Issued also as Orientalia, vol.42, 1973, fasc.1-2.</subfield>
      </datafield>
      <datafield tag="504" ind1=" " ind2=" ">
         <subfield code="a">"Bibliography of the works of I.J. Gelb": p. 1-8.</subfield>
      </datafield>
      <datafield tag="505" ind1="0" ind2="0">
         <subfield code="t">Bibliography of the works of I.J. Gelb /</subfield>
         <subfield code="r">John L. Hayes --</subfield>
         <subfield code="t">Methodological concerns and the progress of Ancient Near Eastern studies /</subfield>
         <subfield code="r">Giorgio Buccellati --</subfield>
         <subfield code="g">Part one.</subfield>
         <subfield code="t">Writing and palaeography.</subfield>
         <subfield code="t">Sumerian writing system: some problems /</subfield>
         <subfield code="r">Miguel Civil --</subfield>
         <subfield code="t">New cases of morphophonemic spellings /</subfield>
         <subfield code="r">Erica Reiner --</subfield>
         <subfield code="t">On regional cuneiform handwritings in third millennium Mesopotamia /</subfield>
         <subfield code="r">Biggs, Robert D. --</subfield>
         <subfield code="g">Part two.</subfield>
         <subfield code="t">Linguistics and literature.</subfield>
         <subfield code="t">Grammatical models in Egyptology /</subfield>
         <subfield code="r">John B. Callender --</subfield>
         <subfield code="t">Linguistics, method, and extinct languages: the case of Sumerian /</subfield>
         <subfield code="r">Gene B. Gragg --</subfield>
         <subfield code="t">Statistical methods in the study of Ancient Near Eastern languages /</subfield>
         <subfield code="r">Pelio Fronzaroli --</subfield>
         <subfield code="t">Verbal aspect in semitic /</subfield>
         <subfield code="r">Jerzy Kuryłowicz --</subfield>
         <subfield code="t">Modi beim älteren akkadischen Verbum /</subfield>
         <subfield code="r">Edzard, Dietz Otto --</subfield>
         <subfield code="t">Semitisches Wurzelwörterbuch: Probleme und Möglichkeiten /</subfield>
         <subfield code="r">Soden, Wolfram von --</subfield>
         <subfield code="t">Computer program for analysis of words according to their meaning /</subfield>
         <subfield code="r">Segert, S. ;</subfield>
         <subfield code="r">James R. Hall --</subfield>
         <subfield code="t">Problems of translation /</subfield>
         <subfield code="r">Sollberger, Edmond --</subfield>
         <subfield code="t">On Canaanite rhetoric: the evidence of the Amarna Letters from Tyre /</subfield>
         <subfield code="r">Stanley Gevirtz --</subfield>
         <subfield code="t">Memorandum on the approach to historiographic texts /</subfield>
         <subfield code="r">Mario Liverani --</subfield>
      </datafield>
      <datafield tag="505" ind1="0" ind2="0">
         <subfield code="g">Part three.</subfield>
         <subfield code="t">Archaeology, history and religion.</subfield>
         <subfield code="t">Statistics in archaeology and its application to Ancient Near Eastern data /</subfield>
         <subfield code="r">Marilyn Kelly-Buccellati ;</subfield>
         <subfield code="r">Elster, Ernestine S. --</subfield>
         <subfield code="t">Modellino votivo di Malta (Tab. I-II) /</subfield>
         <subfield code="r">Moscati, Sabatino --</subfield>
         <subfield code="t">Domesticaion of plants and animals in Europe and the Near East /</subfield>
         <subfield code="r">Berger, Rainer ;</subfield>
         <subfield code="r">Protsch, Reiner R. R. --</subfield>
         <subfield code="t">Date of the Fara period: a case study in the historiography of Early Mesopotamia /</subfield>
         <subfield code="r">Hallo, William W. --</subfield>
         <subfield code="t">Sumerian and Akkadian in Sumer and Akkad /</subfield>
         <subfield code="r">Cooper, Jerrold S. --</subfield>
         <subfield code="t">Autonomy and nomadism in Western Asia /</subfield>
         <subfield code="r">M. B. Rowton --</subfield>
         <subfield code="t">Who are all these people? /</subfield>
         <subfield code="r">Johannes Renger --</subfield>
         <subfield code="t">Notes on Nintur /</subfield>
         <subfield code="r">Thorkild Jacobsen --</subfield>
         <subfield code="g">Part four.</subfield>
         <subfield code="t">Philology.</subfield>
         <subfield code="t">É. NUN in Mesopotamian literature /</subfield>
         <subfield code="r">Caplice, Richard I. --</subfield>
         <subfield code="t">Comments on the NassouhiKinglist and teh Assyrian kinglist tradition /</subfield>
         <subfield code="r">Brinkman, J. A. --</subfield>
         <subfield code="t">Persepolis fortification archive /</subfield>
         <subfield code="r">Richard T. Hallock --</subfield>
         <subfield code="t">New subdivision of the shekel in the Arsacide Period /</subfield>
         <subfield code="r">A. Leo Oppenheim --</subfield>
         <subfield code="t">Ecclesiastes in Judeo-Persian /</subfield>
         <subfield code="r">Herbert H. Paper.</subfield>
      </datafield>
      <datafield tag="500" ind1=" " ind2=" ">
         <subfield code="a">ISAW copy is from the library of Hayim and Miriam Tadmor.</subfield>
         <subfield code="5">NyNyUAW</subfield>
      </datafield>
      <datafield tag="651" ind1=" " ind2="0">
         <subfield code="a">Middle East</subfield>
         <subfield code="x">Antiquities.</subfield>
      </datafield>
      <datafield tag="651" ind1=" " ind2="0">
         <subfield code="a">Middle East</subfield>
         <subfield code="x">Languages.</subfield>
      </datafield>
      <datafield tag="700" ind1="1" ind2=" ">
         <subfield code="a">Gelb, Ignace J.</subfield>
         <subfield code="q">(Ignace Jay),</subfield>
         <subfield code="d">1907-1985.</subfield>
      </datafield>
      <datafield tag="730" ind1="0" ind2=" ">
         <subfield code="a">Magyar történelmi magyarázatok források és tanulmányok.</subfield>
         <subfield code="p">Orientalia.</subfield>
      </datafield>
      <datafield tag="700" ind1="1" ind2=" ">
         <subfield code="a">Tadmor, Miriam,</subfield>
         <subfield code="e">former owner.</subfield>
         <subfield code="5">NyNyUAW</subfield>
      </datafield>
      <datafield tag="700" ind1="1" ind2=" ">
         <subfield code="a">Tadmor, Hayim,</subfield>
         <subfield code="e">former owner.</subfield>
         <subfield code="5">NyNyUAW</subfield>
      </datafield>
      <datafield tag="740" ind1="0" ind2=" ">
         <subfield code="a">Tadmor Collection.</subfield>
         <subfield code="5">NyNyUAW</subfield>
      </datafield>
      <datafield tag="OWN" ind1=" " ind2=" ">
         <subfield code="a">GENERAL</subfield>
      </datafield>
      <datafield tag="950" ind1=" " ind2=" ">
         <subfield code="l">FStack</subfield>
         <subfield code="a">DS56</subfield>
         <subfield code="b">.B83</subfield>
         <subfield code="d">\Near\East\</subfield>
         <subfield code="i">01/01/01 N</subfield>
         <subfield code="x">60</subfield>
      </datafield>
      <datafield tag="AVA" ind1=" " ind2=" ">
         <subfield code="a">NYU50</subfield>
         <subfield code="b">NIFA</subfield>
         <subfield code="c">Main Collection</subfield>
         <subfield code="d">DS56 .B83 Non-circulating</subfield>
         <subfield code="e">unavailable</subfield>
         <subfield code="t">Unavailable</subfield>
         <subfield code="f">1</subfield>
         <subfield code="g">1</subfield>
         <subfield code="h">N</subfield>
         <subfield code="i">0</subfield>
         <subfield code="j">MAIN</subfield>
         <subfield code="k">0</subfield>
      </datafield>
      <datafield tag="AVA" ind1=" " ind2=" ">
         <subfield code="a">NYU50</subfield>
         <subfield code="b">NISAW</subfield>
         <subfield code="c">Large Collection</subfield>
         <subfield code="d">DS56 .B83 1973 Non-circulating</subfield>
         <subfield code="e">available</subfield>
         <subfield code="t">Available</subfield>
         <subfield code="f">1</subfield>
         <subfield code="g">0</subfield>
         <subfield code="h">N</subfield>
         <subfield code="i">0</subfield>
         <subfield code="j">LARGE</subfield>
         <subfield code="k">0</subfield>
      </datafield>
      <marc:datafield tag="852" ind1=" " ind2=" ">
         <marc:subfield code="b">Institute for the Study of the Ancient World, </marc:subfield>
         <marc:subfield code="c">Large Collection</marc:subfield>
         <marc:subfield code="e">15 East 84th St., </marc:subfield>
         <marc:subfield code="e">New York, NY  10028</marc:subfield>
      </marc:datafield>
   </record>