
  
  
  
  
  
  
  
  
  
  
  
 
  
  <record xsi:schemaLocation="http://www.loc.gov/MARC21/slim http://www.loc.gov/standards/marcxml/schema/MARC21slim.xsd">
      <leader>00000cam a2200397 a 4500</leader>
      <controlfield tag="FMT">BK</controlfield>
      <controlfield tag="LDR">00000cam a2200397 a 4500</controlfield>
      <controlfield tag="001">002973462</controlfield>
      <controlfield tag="003">NNU</controlfield>
      <controlfield tag="005">20110816100031.0</controlfield>
      <controlfield tag="008">890418m19859999cy abef  b    100 0 greo</controlfield>
      <datafield tag="010" ind1=" " ind2=" ">
         <subfield code="a">86123533</subfield>
      </datafield>
      <datafield tag="020" ind1=" " ind2=" ">
         <subfield code="z">0996355701</subfield>
      </datafield>
      <datafield tag="035" ind1="9" ind2=" ">
         <subfield code="a">NYUb10702862</subfield>
      </datafield>
      <datafield tag="035" ind1=" " ind2=" ">
         <subfield code="a">(CStRLIN)NYUG89-B12757</subfield>
      </datafield>
      <datafield tag="035" ind1=" " ind2=" ">
         <subfield code="a">GLIS007028625</subfield>
      </datafield>
      <datafield tag="040" ind1=" " ind2=" ">
         <subfield code="d">NNU</subfield>
      </datafield>
      <datafield tag="041" ind1="0" ind2=" ">
         <subfield code="a">gre</subfield>
         <subfield code="a">eng</subfield>
         <subfield code="a">fre</subfield>
         <subfield code="a">ger</subfield>
      </datafield>
      <datafield tag="043" ind1=" " ind2=" ">
         <subfield code="a">a-cy---</subfield>
      </datafield>
      <datafield tag="050" ind1=" " ind2="4">
         <subfield code="a">DS54.3</subfield>
         <subfield code="b">.I58 1982</subfield>
      </datafield>
      <datafield tag="079" ind1=" " ind2=" ">
         <subfield code="a">(OCoLC)13506127</subfield>
      </datafield>
      <datafield tag="111" ind1="2" ind2=" ">
         <subfield code="a">International Congress of Cypriot Studies</subfield>
         <subfield code="n">(2nd :</subfield>
         <subfield code="d">1982 :</subfield>
         <subfield code="c">Nicosia, Cyprus)</subfield>
      </datafield>
      <datafield tag="245" ind1="1" ind2="0">
         <subfield code="a">Praktika tou deuterou Diethnous Kypriologikou Synedriou :</subfield>
         <subfield code="b">(Leukōsia, 20-25 Apriliou 1982) /</subfield>
         <subfield code="c">ekdidetai hypo Theodōrou Papadopoullou kai Steliou Ach. Chatzēstyllē.</subfield>
      </datafield>
      <datafield tag="260" ind1=" " ind2=" ">
         <subfield code="a">Leukōsia :</subfield>
         <subfield code="b">Hetaireia Kypriakōn Spoudōn,</subfield>
         <subfield code="c">1985-</subfield>
      </datafield>
      <datafield tag="300" ind1=" " ind2=" ">
         <subfield code="a">v. :</subfield>
         <subfield code="b">ill., maps, plans ;</subfield>
         <subfield code="c">26 cm.</subfield>
      </datafield>
      <datafield tag="546" ind1=" " ind2=" ">
         <subfield code="a">Contributions in Greek, English, French, or German.</subfield>
      </datafield>
      <datafield tag="500" ind1=" " ind2=" ">
         <subfield code="a">At head of title: Hetaireia Kypriakōn Spoudōn.</subfield>
      </datafield>
      <datafield tag="504" ind1=" " ind2=" ">
         <subfield code="a">Includes bibliographical references.</subfield>
      </datafield>
      <datafield tag="505" ind1="1" ind2="0">
         <subfield code="g">t. 1.</subfield>
         <subfield code="t">Archaion tmēma.</subfield>
         <subfield code="t">Fouilles récentes de Khirokitia : quelques résultats /</subfield>
         <subfield code="r">Le Brun, A. --</subfield>
         <subfield code="t">Vasilikos Valley and the Neolithic/Chalcolithic periods in Cyprus /</subfield>
         <subfield code="r">Todd, Ian A. --</subfield>
         <subfield code="t">Cyprus American Archaeological Research Institute excavations at Sotira Kaminoudhia and the origins of the Philia culture /</subfield>
         <subfield code="r">Swiny, Stuart --</subfield>
         <subfield code="t">Ras Shamra IVC and the prehistory of Cyprus /</subfield>
         <subfield code="r">Peltenburg, E. J. --</subfield>
         <subfield code="t">Cyprus and the Early Bronze Age circular tombs of Crete /</subfield>
         <subfield code="r">Hood, Sinclair --</subfield>
         <subfield code="t">Cyprus and the Bronze Age metals trade /</subfield>
         <subfield code="r">Gale, N. H. ;</subfield>
         <subfield code="r">Stos-Gale, Z. A. --</subfield>
         <subfield code="t">Puzzle of the Bronze-Age silver-lead on Cyprus /</subfield>
         <subfield code="r">Stos-Gale, Zofia --</subfield>
         <subfield code="t">Shape and fabric in Cypriote red polished pottery /</subfield>
         <subfield code="r">Mac Laurin, Lucy --</subfield>
         <subfield code="t">New light on Late Bronze Age Cyprus /</subfield>
         <subfield code="r">Karageorghis, Vassos --</subfield>
         <subfield code="t">Late Bronze Age in the Vasilikos Valley /</subfield>
         <subfield code="r">South Todd, Alison --</subfield>
         <subfield code="t">Contribution à l'étude de la métrologie chypriote à l'Âge du Bronze récent : la documentation pondérale d'Enkomi /</subfield>
         <subfield code="r">Courtois, Jacques-Claude --</subfield>
         <subfield code="t">Merchandise and merchantmen : on ships and shipping in the Late Bronze Age Levant /</subfield>
         <subfield code="r">Artzy, Michal --</subfield>
         <subfield code="t">Problem of relations between Achaea and Cyprus in the Late Bronze Age /</subfield>
         <subfield code="r">Papadopoulos, Thanasis J. --</subfield>
         <subfield code="t">Développement de l'écriture à Chypre au cours du deuxième millénaire /</subfield>
         <subfield code="r">Faucounau, J. --</subfield>
         <subfield code="t">Telos tēs Helladikēs kai tēs Kypriakēs proistorias /</subfield>
         <subfield code="r">Phōtiadēs, Thanasēs --</subfield>
         <subfield code="t">Chypre et l'Égée : nouvelles perspectives sur "L'amphore aux génies" du Cyprus Museum /</subfield>
         <subfield code="r">Baurain, Claude ;</subfield>
         <subfield code="r">Darcque, Pascal --</subfield>
         <subfield code="t">Minoan and Mycenaean settlement in Cyprus : a note /</subfield>
         <subfield code="r">Hooker, J. T. --</subfield>
         <subfield code="t">Ashlar building at Hala Sultan Tekke /</subfield>
         <subfield code="r">Åström, Paul --</subfield>
         <subfield code="t">Stepped "bases" from Hala Sultan Tekke /</subfield>
         <subfield code="r">Jacobsson, Inga --</subfield>
         <subfield code="t">On Early to Middle Iron Age pottery of Isarel, Tyre, and Cyprus /</subfield>
         <subfield code="r">Prausnitz, M. W. --</subfield>
         <subfield code="t">Tracing the routes of the tree of life from the Near East to Greece in the Iron Age /</subfield>
         <subfield code="r">Russell, Pamela J. --</subfield>
      </datafield>
      <datafield tag="505" ind1="1" ind2="0">
         <subfield code="t">Emergence of the sets of small concentric circles in Cyprus /</subfield>
         <subfield code="r">Demetriou, Andreas --</subfield>
         <subfield code="t">Céramiques du Levant à Slamine et à Kition-Bamboula (périodes chypro-géométrique et chypro-archaïque) /</subfield>
         <subfield code="r">Calvet, Yves --</subfield>
         <subfield code="t">Cyprus and Phoenicia /</subfield>
         <subfield code="r">Baramki, D. --</subfield>
         <subfield code="t">Influences de l'art chypriote dans le milieu phénicien d'Occident /</subfield>
         <subfield code="r">Bisi, Anna Maria --</subfield>
         <subfield code="t">Deutschen Ausgrabungen in Tamaassos von 1970 bis heute /</subfield>
         <subfield code="r">Buchholz, Hans-Günter --</subfield>
         <subfield code="t">Egypto-phoenician motifs on Early Cypriote coins /</subfield>
         <subfield code="r">Stieglitz, Robert R. --</subfield>
         <subfield code="t">Sanctuaire d'Aphrodite à Amathonte /</subfield>
         <subfield code="r">Hermary, Antoine ;</subfield>
         <subfield code="r">Schmid, Martin --</subfield>
         <subfield code="t">Kition-Bamboula 1976-1981 /</subfield>
         <subfield code="r">Yon, Marguerite --</subfield>
         <subfield code="t">Cratère à figures rouges à Kition-Bamboula /</subfield>
         <subfield code="r">Salles, Jean-François --</subfield>
         <subfield code="t">Terres cuites chypriotes à lampe /</subfield>
         <subfield code="r">Vandenabeele, Frieda --</subfield>
         <subfield code="t">Deux vases en bronze du Musée de Chypre /</subfield>
         <subfield code="r">Chavane, Marie-José --</subfield>
         <subfield code="t">Circular buildings and the sanctuaries of Apollo Hylates at Paphos and Kourion /</subfield>
         <subfield code="r">Tzavella-Evjen, Hara --</subfield>
         <subfield code="t">Remarks on the town plan of Hellenistic Nea Paphos /</subfield>
         <subfield code="r">Młynarczyk, Jolanta --</subfield>
         <subfield code="t">Type de Zeus sur les monnaies hellénistiques de Nea Paphos /</subfield>
         <subfield code="r">Lichocka, Barbara --</subfield>
         <subfield code="t">Contacts commerciaux de Nea Paphos /</subfield>
         <subfield code="r">Sztetyłło, Zofia --</subfield>
         <subfield code="t">Duo pēlina hellēnistika symplegmata apo tēs Kypro /</subfield>
         <subfield code="r">Phlourentzos, Paulos --</subfield>
         <subfield code="t">New evidence from recent excavations at the "tombs of the kings" /</subfield>
         <subfield code="r">Hadjisavvas, Sophocles --</subfield>
         <subfield code="t">Recent archaeological discoveries at Kourion /</subfield>
         <subfield code="r">Christou, Demos --</subfield>
         <subfield code="t">Evidence for an unknown earthquake in Paphos /</subfield>
         <subfield code="r">Michaelidou-Nicolaou, Ino --</subfield>
         <subfield code="t">Portiques du temple de Zeus à Salamine de Chypre /</subfield>
         <subfield code="r">Callot, Olivier --</subfield>
         <subfield code="t">Tremithos Valley project /</subfield>
         <subfield code="r">Baudou, E. ;</subfield>
         <subfield code="r">Engelmark, R. ;</subfield>
         <subfield code="r">Niklasson, K. ;</subfield>
         <subfield code="r">Wennberg, B. --</subfield>
         <subfield code="t">Autour de l'Héraclès chypriote /</subfield>
         <subfield code="r">Donnay, Guy --</subfield>
         <subfield code="t">Sculptures from Nea Paphos : Aphrodite Hoplismene /</subfield>
         <subfield code="r">Daszewski, W. A. --</subfield>
         <subfield code="t">Cypriot Aphrodite and Lemnian Chryse /</subfield>
         <subfield code="r">Craik, Elizabeth M. --t</subfield>
         <subfield code="t">Cypriote "temple-boys" : some problems /</subfield>
         <subfield code="r">Beer, Cecilia --</subfield>
      </datafield>
      <datafield tag="505" ind1="1" ind2="0">
         <subfield code="t">Skoularikia tēs theas tēs Kyprou kai hoi mastoprochoi tēs Thēras /</subfield>
         <subfield code="r">Tzachilē, Iris --</subfield>
         <subfield code="t">Ophthalmos ōs anathēma stēn Kypro /</subfield>
         <subfield code="r">Mētropoulou, Elpida --</subfield>
         <subfield code="t">Musical procession scenes in Early Greek art : their Oriental and Cypriot models /</subfield>
         <subfield code="r">Kourou, Nota --</subfield>
         <subfield code="t">Stoic semantics /</subfield>
         <subfield code="r">Sofroniou, S. A. --</subfield>
         <subfield code="t">Gelassenheit : stoische und fundamentalontologische Bedeutung /</subfield>
         <subfield code="r">Panou, Stavros --</subfield>
         <subfield code="t">Hennoia tōn lektōn kai hē archē tēs akolouthias stous Stōikous /</subfield>
         <subfield code="r">Michaēlidēs, Kōstas P. --</subfield>
         <subfield code="t">Renversement zénonien /</subfield>
         <subfield code="r">Couloubaritsis, Lambros --</subfield>
         <subfield code="t">Thrēskeutikos kai hēthikos monismos tou Zēnōna tou Kitiea /</subfield>
         <subfield code="r">Dragōna-Monachou, Myrtō --</subfield>
         <subfield code="t">Hanaphora ston Zēnōna tou Kitiea /</subfield>
         <subfield code="r">Potaga, Anna --</subfield>
         <subfield code="t">Hennoia tēs Heleutherias sto Dēmōnakta kai ston Hanōnymo tēs "Hellēnikēs Nomarchias" /</subfield>
         <subfield code="r">Koumakēs, Geōrgios --</subfield>
         <subfield code="t">Kypria kai ta "Homērika" hepē /</subfield>
         <subfield code="r">Boskos, Andreas I. --</subfield>
         <subfield code="t">Kritikes paratērēseis sta "Kypria hepē" tou Stasinou /</subfield>
         <subfield code="r">Chatzēstephanou, Kōstas E. --</subfield>
         <subfield code="t">Cyprus and Cypriot myth in ancient Greek lyric poetry /</subfield>
         <subfield code="r">Molyneux, John H. --</subfield>
         <subfield code="t">On the interpretation of the Kyprios Charaktēr of Aeschylus /</subfield>
         <subfield code="r">Hadjioannou, Kyriakos --</subfield>
         <subfield code="t">"Kyprios Charaktēr" (A. Supp. 282) : a discussion of a new interpretation /</subfield>
         <subfield code="r">Hadjistyllis, Stelios A. --</subfield>
         <subfield code="t">Kypriaka themata sto hergo tou Aristotelē /</subfield>
         <subfield code="r">Karagiannēs, Geōrgios St. --</subfield>
         <subfield code="t">Kritika kai hermēneutika sto Frg. 20K tou Sōpatrou tou Paphiou /</subfield>
         <subfield code="r">Xydas, Christos Char. --</subfield>
         <subfield code="t">Kinyras : project for a bibliography of ancient Cyprus /</subfield>
         <subfield code="r">Kapera, Zdzisław J. --</subfield>
         <subfield code="t">Prospecting at Hala Sultan Tekke : the use of a radio-controlled model aircraft /</subfield>
         <subfield code="r">Fischer, Peter M. --</subfield>
         <subfield code="t">Résumé of papers, ancient section. A. Archaeological and historical sub-section /</subfield>
         <subfield code="r">Loulloupis, M. C. --</subfield>
         <subfield code="t">Résumé of papers, ancient section. B. Philosophical and literary sub-section /</subfield>
         <subfield code="r">Hadjistyllis, Stelios A. --</subfield>
      </datafield>
      <datafield tag="505" ind1="1" ind2="0">
         <subfield code="g">t. 2.</subfield>
         <subfield code="t">Mesaiōnikon tmēma --</subfield>
         <subfield code="g">t. 3.</subfield>
         <subfield code="t">Neoteron tmēma</subfield>
      </datafield>
      <datafield tag="500" ind1=" " ind2=" ">
         <subfield code="a">ISAW copy is from the library of Paul Åström.</subfield>
         <subfield code="5">NyNyUAW</subfield>
      </datafield>
      <datafield tag="651" ind1=" " ind2="0">
         <subfield code="a">Cyprus</subfield>
         <subfield code="x">Antiquities</subfield>
         <subfield code="v">Congresses.</subfield>
      </datafield>
      <datafield tag="651" ind1=" " ind2="0">
         <subfield code="a">Cyprus</subfield>
         <subfield code="x">Civilization</subfield>
         <subfield code="v">Congresses.</subfield>
      </datafield>
      <datafield tag="700" ind1="1" ind2=" ">
         <subfield code="a">Chatzēstyllēs, Stelios Ach.</subfield>
      </datafield>
      <datafield tag="700" ind1="1" ind2=" ">
         <subfield code="a">Papadopoullos, Theodōros.</subfield>
      </datafield>
      <datafield tag="710" ind1="2" ind2=" ">
         <subfield code="a">Hetaireia Kypriakōn Spoudōn (Nicosia, Cyprus)</subfield>
      </datafield>
      <datafield tag="700" ind1="1" ind2=" ">
         <subfield code="a">Åström, Paul,</subfield>
         <subfield code="e">former owner.</subfield>
         <subfield code="5">NyNyUAW</subfield>
      </datafield>
      <datafield tag="740" ind1="0" ind2=" ">
         <subfield code="a">Åström Collection.</subfield>
         <subfield code="5">NyNyUAW</subfield>
      </datafield>
      <datafield tag="OWN" ind1=" " ind2=" ">
         <subfield code="a">GENERAL</subfield>
      </datafield>
      <datafield tag="950" ind1=" " ind2=" ">
         <subfield code="l">IFAM</subfield>
         <subfield code="n">455:sl Unanalyzed</subfield>
         <subfield code="h">05/02/89 N</subfield>
         <subfield code="h">04/18/89 C</subfield>
      </datafield>
      <datafield tag="950" ind1=" " ind2=" ">
         <subfield code="l">BMAIN</subfield>
         <subfield code="n">455:sl Unanalyzed</subfield>
         <subfield code="i">06/21/89 C</subfield>
      </datafield>
      <datafield tag="955" ind1=" " ind2=" ">
         <subfield code="l">IFAM</subfield>
         <subfield code="c">1:v.1</subfield>
         <subfield code="h">04/18/89 C</subfield>
      </datafield>
      <datafield tag="955" ind1=" " ind2=" ">
         <subfield code="l">BMAIN</subfield>
         <subfield code="c">1:t.3</subfield>
         <subfield code="r">014168010</subfield>
         <subfield code="i">06/21/89 C</subfield>
      </datafield>
      <datafield tag="955" ind1=" " ind2=" ">
         <subfield code="l">BMAIN</subfield>
         <subfield code="c">1:t.2</subfield>
         <subfield code="r">014167897</subfield>
         <subfield code="i">06/21/89 C</subfield>
      </datafield>
      <datafield tag="955" ind1=" " ind2=" ">
         <subfield code="l">BMAIN</subfield>
         <subfield code="c">1:t.1</subfield>
         <subfield code="r">014167772</subfield>
         <subfield code="i">06/21/89 C</subfield>
      </datafield>
      <datafield tag="AVA" ind1=" " ind2=" ">
         <subfield code="a">NYU50</subfield>
         <subfield code="b">BOBST</subfield>
         <subfield code="c">Main Collection</subfield>
         <subfield code="d">DS54.3 .I58 1982</subfield>
         <subfield code="e">available</subfield>
         <subfield code="t">Available</subfield>
         <subfield code="f">3</subfield>
         <subfield code="g">0</subfield>
         <subfield code="h">Y</subfield>
         <subfield code="i">0</subfield>
         <subfield code="j">MAIN</subfield>
         <subfield code="k">0</subfield>
      </datafield>
      <datafield tag="AVA" ind1=" " ind2=" ">
         <subfield code="a">NYU50</subfield>
         <subfield code="b">NIFA</subfield>
         <subfield code="c">Main Collection</subfield>
         <subfield code="d">DS54.3 .I58 1982 Non-circulating</subfield>
         <subfield code="e">available</subfield>
         <subfield code="t">Available</subfield>
         <subfield code="f">1</subfield>
         <subfield code="g">0</subfield>
         <subfield code="h">Y</subfield>
         <subfield code="i">0</subfield>
         <subfield code="j">MAIN</subfield>
         <subfield code="k">0</subfield>
      </datafield>
      <datafield tag="AVA" ind1=" " ind2=" ">
         <subfield code="a">NYU50</subfield>
         <subfield code="b">NISAW</subfield>
         <subfield code="c">Small Collection</subfield>
         <subfield code="d">DS54.3 .I58 1982 Non-circulating</subfield>
         <subfield code="e">available</subfield>
         <subfield code="t">Available</subfield>
         <subfield code="f">1</subfield>
         <subfield code="g">0</subfield>
         <subfield code="h">Y</subfield>
         <subfield code="i">0</subfield>
         <subfield code="j">SMALL</subfield>
         <subfield code="k">0</subfield>
      </datafield>
      <marc:datafield tag="852" ind1=" " ind2=" ">
         <marc:subfield code="b">Institute for the Study of the Ancient World, </marc:subfield>
         <marc:subfield code="c">Small Collection</marc:subfield>
         <marc:subfield code="e">15 East 84th St., </marc:subfield>
         <marc:subfield code="e">New York, NY  10028</marc:subfield>
      </marc:datafield>
   </record>