
  
  
  
  
  
  
  
  
  
  
  
 
  
  <record xsi:schemaLocation="http://www.loc.gov/MARC21/slim http://www.loc.gov/standards/marcxml/schema/MARC21slim.xsd">
      <leader>00000cam a2200469 a 4500</leader>
      <controlfield tag="FMT">BK</controlfield>
      <controlfield tag="LDR">00000cam a2200469 a 4500</controlfield>
      <controlfield tag="001">003501545</controlfield>
      <controlfield tag="003">OCoLC</controlfield>
      <controlfield tag="005">20110812152221.0</controlfield>
      <controlfield tag="008">110812m20009999cy abde  b    100 0 gre</controlfield>
      <datafield tag="010" ind1=" " ind2=" ">
         <subfield code="a">2001333275</subfield>
      </datafield>
      <datafield tag="020" ind1=" " ind2=" ">
         <subfield code="a">9963557155 (seiras)</subfield>
      </datafield>
      <datafield tag="020" ind1=" " ind2=" ">
         <subfield code="a">9789963557158 (seiras)</subfield>
      </datafield>
      <datafield tag="020" ind1=" " ind2=" ">
         <subfield code="a">9963557163 (t. 1)</subfield>
      </datafield>
      <datafield tag="020" ind1=" " ind2=" ">
         <subfield code="a">9789963557165 (t. 1)</subfield>
      </datafield>
      <datafield tag="020" ind1=" " ind2=" ">
         <subfield code="a">9963557171 (t. 2)</subfield>
      </datafield>
      <datafield tag="020" ind1=" " ind2=" ">
         <subfield code="a">9789963557172 (t. 2)</subfield>
      </datafield>
      <datafield tag="020" ind1=" " ind2=" ">
         <subfield code="a">996355718X (t. 3)</subfield>
      </datafield>
      <datafield tag="020" ind1=" " ind2=" ">
         <subfield code="a">9789963557189 (t. 3)</subfield>
      </datafield>
      <datafield tag="035" ind1=" " ind2=" ">
         <subfield code="a">(OCoLC)45460015</subfield>
      </datafield>
      <datafield tag="040" ind1=" " ind2=" ">
         <subfield code="a">DLC</subfield>
         <subfield code="c">DLC</subfield>
         <subfield code="d">OCLCQ</subfield>
         <subfield code="d">CGU</subfield>
         <subfield code="d">NNU</subfield>
      </datafield>
      <datafield tag="041" ind1="0" ind2=" ">
         <subfield code="a">gre</subfield>
         <subfield code="a">eng</subfield>
         <subfield code="a">fre</subfield>
         <subfield code="a">ger</subfield>
         <subfield code="a">ita</subfield>
      </datafield>
      <datafield tag="042" ind1=" " ind2=" ">
         <subfield code="a">pcc</subfield>
      </datafield>
      <datafield tag="043" ind1=" " ind2=" ">
         <subfield code="a">a-cy---</subfield>
      </datafield>
      <datafield tag="050" ind1=" " ind2="4">
         <subfield code="a">DS54.3</subfield>
         <subfield code="b">.I58 1996</subfield>
      </datafield>
      <datafield tag="079" ind1=" " ind2=" ">
         <subfield code="a">(OCoLC)45460015</subfield>
      </datafield>
      <datafield tag="111" ind1="2" ind2=" ">
         <subfield code="a">International Congress of Cypriot Studies</subfield>
         <subfield code="n">(3rd :</subfield>
         <subfield code="d">1996 :</subfield>
         <subfield code="c">Nicosia, Cyprus)</subfield>
      </datafield>
      <datafield tag="245" ind1="1" ind2="0">
         <subfield code="a">Praktika tou tritou Diethnous Kypriologikou Synedriou :</subfield>
         <subfield code="b">(Leukōsia, 16-20 Apriliou 1996) /</subfield>
         <subfield code="c">ekdidetai hypo Geōrgiou K. Iōannidē kai Steliou Ach. Chatzēstyllē.</subfield>
      </datafield>
      <datafield tag="246" ind1="3" ind2="5">
         <subfield code="a">Third International Congress of Cypriot Studies</subfield>
      </datafield>
      <datafield tag="260" ind1=" " ind2=" ">
         <subfield code="a">Leukōsia :</subfield>
         <subfield code="b">Hetaireia Kypriakōn Spoudōn,</subfield>
         <subfield code="c">2000-&lt;2001&gt;</subfield>
      </datafield>
      <datafield tag="300" ind1=" " ind2=" ">
         <subfield code="a">v. &lt;1-3&gt; :</subfield>
         <subfield code="b">ill., charts, maps, plans ;</subfield>
         <subfield code="c">26 cm.</subfield>
      </datafield>
      <datafield tag="546" ind1=" " ind2=" ">
         <subfield code="a">Contributions in Greek, English, French, German, or Italian.</subfield>
      </datafield>
      <datafield tag="500" ind1=" " ind2=" ">
         <subfield code="a">At head of title: Hetaireia Kypriakōn Spoudōn.</subfield>
      </datafield>
      <datafield tag="500" ind1=" " ind2=" ">
         <subfield code="a">Vol. 3 edited by Iōannēs Theocharidēs.</subfield>
      </datafield>
      <datafield tag="504" ind1=" " ind2=" ">
         <subfield code="a">Includes bibliographical references.</subfield>
      </datafield>
      <datafield tag="505" ind1="1" ind2="0">
         <subfield code="g">t. 1.</subfield>
         <subfield code="t">Archaion tmēma.</subfield>
         <subfield code="t">Emmenōn dyismos tēs Stōikēs ēthikēs philosophias /</subfield>
         <subfield code="r">Kalokairinou, Helenē --</subfield>
         <subfield code="t">Pourquoi l'indifférentisme n'est pas la doctrine de Zénon de Cittium /</subfield>
         <subfield code="r">Kelesidou, Anna --</subfield>
         <subfield code="t">Stōikon paradoxon tēs ekpyrōseōs kai hē kata Dēmōnakta peiramatikē archē tēs aphtharsias : mathēmatikē kai metamathēmatikē ermēneia /</subfield>
         <subfield code="r">Zachariou, Andreas ;</subfield>
         <subfield code="r">Zachariou, Helenē --</subfield>
         <subfield code="t">Parousia tēs Stōikēs philosophias sto neoellēniko stochasmo /</subfield>
         <subfield code="r">Glykophrydē-Leontsinē, Athanasia --</subfield>
         <subfield code="t">Glōssa tōn epigraphōn tou Kaphiziou tēs Haglantzias kai ta kypriaka topōnymia : etymologikē analysis (Programma "Platōn kai Kypros") /</subfield>
         <subfield code="r">Zachariou, Andreas ;</subfield>
         <subfield code="r">Zachariou, Helenē --</subfield>
         <subfield code="t">Scholiasmos tēs anakoinōseōs tou kathēgētē k. K. Chatzēstephanou sto B' Kyprologiko Synedrio, "Kritikes paratērēseis sta Kypria epē tou Stasinou" /</subfield>
         <subfield code="r">Xydas, Christos --</subfield>
         <subfield code="t">"Kyprios charaktēr" : retour au vers 282 des Suppliantes d'Eschyle /</subfield>
         <subfield code="r">Serghidou, Anastasia --</subfield>
         <subfield code="t">Kritikes paratērēseis kai scholia se Kypriaka epigrammata /</subfield>
         <subfield code="r">Chatzēstephanou, Kōstas E. --</subfield>
         <subfield code="t">Kritika kai ermēneutika sto Kypriako Epigramma, 1 /</subfield>
         <subfield code="r">Voskos, Andreas --</subfield>
         <subfield code="t">Prolegomena on Pandora from Palaepaphos /</subfield>
         <subfield code="r">Lubsen-Admiraal, Stella M. --</subfield>
         <subfield code="t">A propos des sites néolithiques chypriotes à limites aménagées /</subfield>
         <subfield code="r">Le Brun, Alain --</subfield>
         <subfield code="t">Kantou-Kouphovounos : epivevaiōseis kai diaphoropoiēseis stēn architektonikē tēs 5ēs p.Ch. chilietias /</subfield>
         <subfield code="r">Mantzouranē, Helenē --</subfield>
         <subfield code="t">Palaioperivallontiko hyliko apo tē neolithikē thesē Kantou-Kouphovounos /</subfield>
         <subfield code="r">Karalē-Giannakopoulou, Lilian --</subfield>
         <subfield code="t">Constructing Bronze Age Marki-Alonia /</subfield>
         <subfield code="r">Frankel, David --</subfield>
         <subfield code="t">Curation, expediency, and discard : the ground stone industry at Marki-Alonia /</subfield>
         <subfield code="r">Webb, Jennifer M. --</subfield>
         <subfield code="t">Sydney Cyprus Survey Project and the archaeology of mining /</subfield>
         <subfield code="r">Given, Michael ;</subfield>
         <subfield code="r">Knapp, Bernard --</subfield>
         <subfield code="t">Glyptic of Late Bronze Age Cyprus : an historiographical review /</subfield>
         <subfield code="r">Merrillees, Stuart Robert --</subfield>
      </datafield>
      <datafield tag="505" ind1="1" ind2="0">
         <subfield code="t">Excavations at Sanidha, a Late Bronze Age ceramic manufacturing centre /</subfield>
         <subfield code="r">Todd, Ian A. --</subfield>
         <subfield code="t">Copper oxhide ingots and the Mediterranean metals trade : a new perspective /</subfield>
         <subfield code="r">Gale, Noel ;</subfield>
         <subfield code="r">Stos-Gale, Zofia ;</subfield>
         <subfield code="r">Maliotis, George --</subfield>
         <subfield code="t">Late Bronze Age burials at Kalavasos-Ayios Dhimitrios /</subfield>
         <subfield code="r">South, Alison --</subfield>
         <subfield code="t">Role of storage jars in the study of Late Bronze and post-Bronze Age societies /</subfield>
         <subfield code="r">Pilides, Despo --</subfield>
         <subfield code="t">Political and economic implications of the Mycenaean presence in Cyprus /</subfield>
         <subfield code="r">Orphanides, Andreas G. --</subfield>
         <subfield code="t">Ashlar buildings and their role in Late Bronze Age Cyprus /</subfield>
         <subfield code="r">Hadjisavvas, Sophocles --</subfield>
         <subfield code="t">Schools of masonry in Bronze Age Cyprus /</subfield>
         <subfield code="r">Wright, G. R. H. --</subfield>
         <subfield code="t">Recent discoveries at Hala Sultan Tekke /</subfield>
         <subfield code="r">Åström, Paul --</subfield>
         <subfield code="t">Successors of Agamemnon in Cyprus? /</subfield>
         <subfield code="r">Demetriou, Andreas --</subfield>
         <subfield code="t">Continuation of Cypriote "sea-desert" trade involvement in the 12th century B.C. /</subfield>
         <subfield code="r">Artzy, Michal --</subfield>
         <subfield code="t">Unique bronze thymiaterion from Palaepaphos /</subfield>
         <subfield code="r">Flourentzos, Pavlos --</subfield>
         <subfield code="t">Strange prelude to the Cypriot unguent trade in Crete /</subfield>
         <subfield code="r">Coldstream, John Nicholas --</subfield>
         <subfield code="t">Pottery from Idalion /</subfield>
         <subfield code="r">Gaber, Pamela --</subfield>
         <subfield code="t">Scavi della Missione Italiana nel "Santuario di Apollo a Toumballos" (cosiddetto Garisson's Camp) : risultati e nuove ipotesi /</subfield>
         <subfield code="r">Giudice, Filippo --</subfield>
         <subfield code="t">Sanctuary of the Paphian Aphrodite in the Roman period /</subfield>
         <subfield code="r">Maier, Franz Georg --</subfield>
         <subfield code="t">Cypriot red slip : development of the ware (an attempt at refinement) /</subfield>
         <subfield code="r">Meyza, Henryk --</subfield>
         <subfield code="t">Pavements du VIe siècle à Chypre /</subfield>
         <subfield code="r">Hadjichristophi, Fryni --</subfield>
         <subfield code="t">Vasilikos taphos tou Kouriou /</subfield>
         <subfield code="r">Christou, Dēmos --</subfield>
         <subfield code="t">Two unpublished Cypriot coins /</subfield>
         <subfield code="r">Santamas, Michael L. --</subfield>
         <subfield code="t">"Pinched-handle" transport amphorae as evidence of the wine trade of Roman Cyprus /</subfield>
         <subfield code="r">Lund, John --</subfield>
         <subfield code="t">Pōmaikē politikē enanti tēs Kyprou /</subfield>
         <subfield code="r">Koutroubas, Dēmētrios Euth. --</subfield>
         <subfield code="t">Zōgraphikes parastaseis sta aggeia tou archaiou Hidaliou /</subfield>
         <subfield code="r">Chatzēkōstē, Maria --</subfield>
         <subfield code="t">Working and living at the copper production site of Agia Varvara-Almyras</subfield>
      </datafield>
      <datafield tag="505" ind1="1" ind2="0">
         <subfield code="9"/>
         <subfield code="t">/</subfield>
         <subfield code="r">Fasnacht, Walter --</subfield>
      </datafield>
      <datafield tag="505" ind1="1" ind2="0">
         <subfield code="t">Einige Helmfunde aus Zypern /</subfield>
         <subfield code="r">Buchholz, Hans-Günter --</subfield>
         <subfield code="t">Technical aspects of the coroplast's art : the evidence from ancient Marion /</subfield>
         <subfield code="r">Serwint, Nancy --</subfield>
         <subfield code="t">Further thoughts on Cypriot sculpture /</subfield>
         <subfield code="r">Tatton-Brown, Veronica A. --</subfield>
         <subfield code="t">Influences grecques dans la coroplathie chypriote /</subfield>
         <subfield code="r">Vandenabeele, Frieda --</subfield>
         <subfield code="t">Classical coins recently found in Cyprus : the coin circulation in the island at the end of the Archaic and during the Classical periods /</subfield>
         <subfield code="r">Destrooper-Georgiades, Anne --</subfield>
         <subfield code="t">Persian invasion to Cyprus and the date of the submission of Evagoras /</subfield>
         <subfield code="r">Heltzer, Michael --</subfield>
         <subfield code="t">Hellenistic pottery from the Polish excavations at Nea Paphos (Maloutena), 1965-1995 : the status of research and prospects for future studies /</subfield>
         <subfield code="r">Papuci-Wladyka, Ewdoksia --</subfield>
         <subfield code="t">Dēmosies sphragides xenōn poleōn anamesa sta sphragismata tou Dēmosiou Archeiou tēs archaias Paphou (Neas Paphou) /</subfield>
         <subfield code="r">Michaēlidou-Nikolaou, Inō --</subfield>
         <subfield code="t">Hellenistic and Roman mining in Cyprus /</subfield>
         <subfield code="r">Kassianidou, Vasiliki --</subfield>
         <subfield code="t">Temple d'Aphrodite à Amathonte : restitution et presentation /</subfield>
         <subfield code="r">Schmid, Martin --</subfield>
         <subfield code="t">Sacrifices d'animaux dans le Sanctuaire d'Aphrodite à Amathonte /</subfield>
         <subfield code="r">Hermary, Antoine --</subfield>
      </datafield>
      <datafield tag="505" ind1="1" ind2="0">
         <subfield code="g">t. 2.</subfield>
         <subfield code="t">Mesaiōniko tmēma --</subfield>
         <subfield code="g">t. 3.</subfield>
         <subfield code="t">Neotero tmēma</subfield>
      </datafield>
      <datafield tag="500" ind1=" " ind2=" ">
         <subfield code="a">ISAW copy is from the library of Paul Åström.</subfield>
         <subfield code="5">NyNyUAW</subfield>
      </datafield>
      <datafield tag="651" ind1=" " ind2="0">
         <subfield code="a">Cyprus</subfield>
         <subfield code="x">Antiquities</subfield>
         <subfield code="v">Congresses.</subfield>
      </datafield>
      <datafield tag="651" ind1=" " ind2="0">
         <subfield code="a">Cyprus</subfield>
         <subfield code="x">Civilization</subfield>
         <subfield code="v">Congresses.</subfield>
      </datafield>
      <datafield tag="700" ind1="1" ind2=" ">
         <subfield code="a">Iōannidēs, Geōrgios K.</subfield>
      </datafield>
      <datafield tag="700" ind1="1" ind2=" ">
         <subfield code="a">Chatzēstyllēs, Stelios Ach.</subfield>
      </datafield>
      <datafield tag="700" ind1="1" ind2=" ">
         <subfield code="a">Theocharidēs, I. P.</subfield>
      </datafield>
      <datafield tag="710" ind1="2" ind2=" ">
         <subfield code="a">Hetaireia Kypriakōn Spoudōn (Nicosia, Cyprus)</subfield>
      </datafield>
      <datafield tag="700" ind1="1" ind2=" ">
         <subfield code="a">Åström, Paul,</subfield>
         <subfield code="e">former owner.</subfield>
         <subfield code="5">NyNyUAW</subfield>
      </datafield>
      <datafield tag="740" ind1="0" ind2=" ">
         <subfield code="a">Åström Collection.</subfield>
         <subfield code="5">NyNyUAW</subfield>
      </datafield>
      <datafield tag="994" ind1=" " ind2=" ">
         <subfield code="a">Z0</subfield>
         <subfield code="b">ZYU</subfield>
      </datafield>
      <datafield tag="OWN" ind1=" " ind2=" ">
         <subfield code="a">GENERAL</subfield>
      </datafield>
      <datafield tag="936" ind1=" " ind2=" ">
         <subfield code="a">PR 638820341</subfield>
      </datafield>
      <datafield tag="AVA" ind1=" " ind2=" ">
         <subfield code="a">NYU50</subfield>
         <subfield code="b">NISAW</subfield>
         <subfield code="c">Small Collection</subfield>
         <subfield code="d">DS54.3 .I58 1996 Non-circulating</subfield>
         <subfield code="e">available</subfield>
         <subfield code="t">Available</subfield>
         <subfield code="f">1</subfield>
         <subfield code="g">0</subfield>
         <subfield code="h">Y</subfield>
         <subfield code="i">0</subfield>
         <subfield code="j">SMALL</subfield>
         <subfield code="k">0</subfield>
      </datafield>
      <marc:datafield tag="852" ind1=" " ind2=" ">
         <marc:subfield code="b">Institute for the Study of the Ancient World, </marc:subfield>
         <marc:subfield code="c">Small Collection</marc:subfield>
         <marc:subfield code="e">15 East 84th St., </marc:subfield>
         <marc:subfield code="e">New York, NY  10028</marc:subfield>
      </marc:datafield>
   </record>