
  
  
  
  
  
  
  
  
  
  
  
  
  
  
 
  
  <record xsi:schemaLocation="http://www.loc.gov/MARC21/slim http://www.loc.gov/standards/marcxml/schema/MARC21slim.xsd">
      <leader>00000cam a2200517 i 4500</leader>
      <controlfield tag="FMT">BK</controlfield>
      <controlfield tag="LDR">00000cam a2200517 i 4500</controlfield>
      <controlfield tag="001">003888723</controlfield>
      <controlfield tag="003">OCoLC</controlfield>
      <controlfield tag="005">20170522144949.0</controlfield>
      <controlfield tag="008">130318r20132010enkab    b    001 0 eng d</controlfield>
      <datafield tag="016" ind1="7" ind2=" ">
         <subfield code="a">016471955</subfield>
         <subfield code="2">Uk</subfield>
      </datafield>
      <datafield tag="020" ind1=" " ind2=" ">
         <subfield code="a">9780199679416 (hardcover)</subfield>
      </datafield>
      <datafield tag="020" ind1=" " ind2=" ">
         <subfield code="a">019967941X (hardcover)</subfield>
      </datafield>
      <datafield tag="035" ind1="7" ind2=" ">
         <subfield code="a">ybp9683147</subfield>
      </datafield>
      <datafield tag="035" ind1=" " ind2=" ">
         <subfield code="a">(OCoLC)830367905</subfield>
      </datafield>
      <datafield tag="040" ind1=" " ind2=" ">
         <subfield code="a">YDXCP</subfield>
         <subfield code="b">eng</subfield>
         <subfield code="e">rda</subfield>
         <subfield code="c">YDXCP</subfield>
         <subfield code="d">BTCTA</subfield>
         <subfield code="d">BDX</subfield>
         <subfield code="d">UKMGB</subfield>
         <subfield code="d">CGB</subfield>
         <subfield code="d">OCLCO</subfield>
         <subfield code="d">CHVBK</subfield>
         <subfield code="d">XFF</subfield>
         <subfield code="d">YAM</subfield>
         <subfield code="d">OCLCF</subfield>
         <subfield code="d">YAM</subfield>
         <subfield code="d">NNU</subfield>
      </datafield>
      <datafield tag="050" ind1=" " ind2="4">
         <subfield code="a">Z4</subfield>
         <subfield code="b">.B6448 2013</subfield>
      </datafield>
      <datafield tag="079" ind1=" " ind2=" ">
         <subfield code="a">(OCoLC)830367905</subfield>
      </datafield>
      <datafield tag="082" ind1="0" ind2="4">
         <subfield code="a">002.09</subfield>
         <subfield code="b">23</subfield>
      </datafield>
      <datafield tag="245" ind1="0" ind2="4">
         <subfield code="a">The book :</subfield>
         <subfield code="b">a global history /</subfield>
         <subfield code="c">edited by Michael F. Suarez, S.J., and H.R. Woudhuysen.</subfield>
      </datafield>
      <datafield tag="250" ind1=" " ind2=" ">
         <subfield code="a">First Edition.</subfield>
      </datafield>
      <datafield tag="264" ind1=" " ind2="1">
         <subfield code="a">Oxford, United Kingdom :</subfield>
         <subfield code="b">Oxford University Press,</subfield>
         <subfield code="c">2013.</subfield>
      </datafield>
      <datafield tag="300" ind1=" " ind2=" ">
         <subfield code="a">xx, 748 pages :</subfield>
         <subfield code="b">illustrations, 1 map ;</subfield>
         <subfield code="c">24 cm</subfield>
      </datafield>
      <datafield tag="336" ind1=" " ind2=" ">
         <subfield code="a">text</subfield>
         <subfield code="b">txt</subfield>
         <subfield code="2">rdacontent</subfield>
      </datafield>
      <datafield tag="336" ind1=" " ind2=" ">
         <subfield code="a">still image</subfield>
         <subfield code="b">sti</subfield>
         <subfield code="2">rdacontent</subfield>
      </datafield>
      <datafield tag="337" ind1=" " ind2=" ">
         <subfield code="a">unmediated</subfield>
         <subfield code="b">n</subfield>
         <subfield code="2">rdamedia</subfield>
      </datafield>
      <datafield tag="338" ind1=" " ind2=" ">
         <subfield code="a">volume</subfield>
         <subfield code="b">nc</subfield>
         <subfield code="2">rdacarrier</subfield>
      </datafield>
      <datafield tag="500" ind1=" " ind2=" ">
         <subfield code="a">Illustration on front and back lining papers.</subfield>
      </datafield>
      <datafield tag="504" ind1=" " ind2=" ">
         <subfield code="a">Includes bibliographical references and index.</subfield>
      </datafield>
      <datafield tag="505" ind1="0" ind2="0">
         <subfield code="t">Thematic Studies.</subfield>
         <subfield code="t">Writing systems /</subfield>
         <subfield code="r">Andrew Robinson --</subfield>
         <subfield code="t">The sacred book /</subfield>
         <subfield code="r">Carl Olson --</subfield>
         <subfield code="t">The ancient book /</subfield>
         <subfield code="r">Craig Kallendorf --</subfield>
         <subfield code="t">The history of the book in Byzantium /</subfield>
         <subfield code="r">N.G. Wilson --</subfield>
         <subfield code="t">The European medieval book /</subfield>
         <subfield code="r">Christopher de Hamel --</subfield>
         <subfield code="t">The European printing revolution /</subfield>
         <subfield code="r">Cristina Dondi --</subfield>
         <subfield code="t">The book as symbol /</subfield>
         <subfield code="r">Brian Cummings --</subfield>
         <subfield code="t">The transmission of Jewish knowledge through mss. and printed books /</subfield>
         <subfield code="r">Emile G.L. Schrijver --</subfield>
         <subfield code="t">Missionary printing /</subfield>
         <subfield code="r">M. Antoni J. Üçerler --</subfield>
         <subfield code="t">Paper /</subfield>
         <subfield code="r">Daven Christopher Chamberlain --</subfield>
         <subfield code="t">The technologies of print /</subfield>
         <subfield code="r">James Mosley --</subfield>
         <subfield code="t">The economics of print /</subfield>
         <subfield code="r">Alexis Weedon --</subfield>
         <subfield code="t">Censorship /</subfield>
         <subfield code="r">Elisabeth Ladenson --</subfield>
         <subfield code="t">Concepts of intellectual property and copyright /</subfield>
         <subfield code="r">Adam D. Moore --</subfield>
         <subfield code="t">The manuscript after the coming of print /</subfield>
         <subfield code="r">Harold Love --</subfield>
         <subfield code="t">Printed ephemera /</subfield>
         <subfield code="r">Michael Harris --</subfield>
         <subfield code="t">Children's books /</subfield>
         <subfield code="r">Andrea Immel --</subfield>
         <subfield code="t">The history of illustration and its technologies /</subfield>
         <subfield code="r">Paul Goldman --</subfield>
         <subfield code="t">Bookbinding /</subfield>
         <subfield code="r">David Pearson --</subfield>
         <subfield code="t">Theories of text, editorial theory, and textual criticism /</subfield>
         <subfield code="r">Marcus Walsh --</subfield>
         <subfield code="t">The electronic book /</subfield>
         <subfield code="r">Eileen Gardiner and Ronald G. Musto --</subfield>
      </datafield>
      <datafield tag="505" ind1="8" ind2="0">
         <subfield code="t">Regional and National Histories of the Book.</subfield>
         <subfield code="t">Britain, c.1475-1800 /</subfield>
         <subfield code="r">Andrew Murphy --</subfield>
         <subfield code="t">Britain, 1801-1914 /</subfield>
         <subfield code="r">Leslie Howsam --</subfield>
         <subfield code="t">Britain from 1914 /</subfield>
         <subfield code="r">Claire Squires --</subfield>
         <subfield code="t">Ireland /</subfield>
         <subfield code="r">Niall Ó Ciosáin and Clare Hutton --</subfield>
         <subfield code="t">France /</subfield>
         <subfield code="r">Vincent Giroud --</subfield>
         <subfield code="t">The Low countries /</subfield>
         <subfield code="r">Paul Hoftijzer --</subfield>
         <subfield code="t">Germany /</subfield>
         <subfield code="r">John L. Flood --</subfield>
         <subfield code="t">Switzerland /</subfield>
         <subfield code="r">Lukas Erne --</subfield>
         <subfield code="t">The Nordic countries /</subfield>
         <subfield code="r">Charlotte Appel and Karen Skovgaard-Petersen --</subfield>
         <subfield code="t">The Iberian Peninsula /</subfield>
         <subfield code="r">María Luisa López-Vidriero --</subfield>
         <subfield code="t">Italy /</subfield>
         <subfield code="r">Neil Harris --</subfield>
         <subfield code="t">Modern Greece, c.1453-2000 /</subfield>
         <subfield code="r">Alexis Politis --</subfield>
         <subfield code="t">Austria /</subfield>
         <subfield code="r">John L. Flood --</subfield>
         <subfield code="t">Hungary /</subfield>
         <subfield code="r">Bridget Guzner --</subfield>
         <subfield code="t">The Czech Republic and Slovakia /</subfield>
         <subfield code="r">Devana Pavlik --</subfield>
         <subfield code="t">Poland /</subfield>
         <subfield code="r">Janet Zmroczek --</subfield>
         <subfield code="t">The Baltic states /</subfield>
         <subfield code="r">Jürgen M. Warmbrunn --</subfield>
         <subfield code="t">The Slavonic book in Russia, Ukraine, and Belarus /</subfield>
         <subfield code="r">Christine Thomas --</subfield>
         <subfield code="t">The Balkans /</subfield>
         <subfield code="r">Ekaterina Rogatchevskaia and Aleksandra B. Vraneš --</subfield>
         <subfield code="t">Sub-Saharan Africa /</subfield>
         <subfield code="r">Andrew van der Vlies --</subfield>
         <subfield code="t">The Muslim world /</subfield>
         <subfield code="r">Geoffrey Roper --</subfield>
         <subfield code="t">The Indian subcontinent /</subfield>
         <subfield code="r">Abhijit Gupta -- China /</subfield>
         <subfield code="r">J.S.Edgren --</subfield>
      </datafield>
      <datafield tag="505" ind1="8" ind2="0">
         <subfield code="t">Korea /</subfield>
         <subfield code="r">Beth McKillop --</subfield>
         <subfield code="t">Japan /</subfield>
         <subfield code="r">P.F. Kornicki --</subfield>
         <subfield code="t">Southeast Asia (1) : the islands /</subfield>
         <subfield code="r">Edwin Paul Wieringa --</subfield>
         <subfield code="t">Southeast Asia (2) : the mainland /</subfield>
         <subfield code="r">Jana Igunma --</subfield>
         <subfield code="t">Australia /</subfield>
         <subfield code="r">Ian Morrison --</subfield>
         <subfield code="t">New Zealand /</subfield>
         <subfield code="r">Shef Rogers --</subfield>
         <subfield code="t">Latin America (including Incas and Aztecs) /</subfield>
         <subfield code="r">Eugenia Roldán Vera --</subfield>
         <subfield code="t">Canada /</subfield>
         <subfield code="r">Patricia Lockhart Fleming --</subfield>
         <subfield code="t">America /</subfield>
         <subfield code="r">Scott E. Casper and Joan Shelley Rubin --</subfield>
         <subfield code="t">The Caribbean and Bermuda /</subfield>
         <subfield code="r">Jeremy B. Dibbell.</subfield>
      </datafield>
      <datafield tag="650" ind1=" " ind2="0">
         <subfield code="a">Books</subfield>
         <subfield code="x">History.</subfield>
      </datafield>
      <datafield tag="650" ind1=" " ind2="0">
         <subfield code="a">Printing</subfield>
         <subfield code="x">History.</subfield>
      </datafield>
      <datafield tag="650" ind1=" " ind2="0">
         <subfield code="a">Book industries and trade</subfield>
         <subfield code="x">History.</subfield>
      </datafield>
      <datafield tag="700" ind1="1" ind2=" ">
         <subfield code="a">Suarez, Michael Felix,</subfield>
         <subfield code="e">editor of compilation.</subfield>
      </datafield>
      <datafield tag="700" ind1="1" ind2=" ">
         <subfield code="a">Woudhuysen, H. R.,</subfield>
         <subfield code="e">editor of compilation.</subfield>
      </datafield>
      <datafield tag="OWN" ind1=" " ind2=" ">
         <subfield code="a">GENERAL</subfield>
      </datafield>
      <datafield tag="AVA" ind1=" " ind2=" ">
         <subfield code="a">NYU50</subfield>
         <subfield code="b">BOBST</subfield>
         <subfield code="c">Main Collection</subfield>
         <subfield code="d">Z4 .B6448 2013</subfield>
         <subfield code="e">unavailable</subfield>
         <subfield code="t">Unavailable</subfield>
         <subfield code="f">2</subfield>
         <subfield code="g">2</subfield>
         <subfield code="h">N</subfield>
         <subfield code="i">54</subfield>
         <subfield code="j">MAIN</subfield>
         <subfield code="k">0</subfield>
      </datafield>
      <datafield tag="AVA" ind1=" " ind2=" ">
         <subfield code="a">NYU50</subfield>
         <subfield code="b">NISAW</subfield>
         <subfield code="c">Small Collection</subfield>
         <subfield code="d">Z4 .B6448 2013 Non-circulating</subfield>
         <subfield code="e">available</subfield>
         <subfield code="t">Available</subfield>
         <subfield code="f">1</subfield>
         <subfield code="g">0</subfield>
         <subfield code="h">N</subfield>
         <subfield code="i">1</subfield>
         <subfield code="j">SMALL</subfield>
         <subfield code="k">0</subfield>
      </datafield>
      <marc:datafield tag="852" ind1=" " ind2=" ">
         <marc:subfield code="b">Institute for the Study of the Ancient World, </marc:subfield>
         <marc:subfield code="c">Small Collection</marc:subfield>
         <marc:subfield code="e">15 East 84th St., </marc:subfield>
         <marc:subfield code="e">New York, NY  10028</marc:subfield>
      </marc:datafield>
      <datafield tag="AVA" ind1=" " ind2=" ">
         <subfield code="a">NYU51</subfield>
         <subfield code="b">NABUD</subfield>
         <subfield code="c">Main Collection</subfield>
         <subfield code="d">Z4 .B6448 2013</subfield>
         <subfield code="e">unavailable</subfield>
         <subfield code="t">Unavailable</subfield>
         <subfield code="f">1</subfield>
         <subfield code="g">1</subfield>
         <subfield code="h">N</subfield>
         <subfield code="i">1</subfield>
         <subfield code="j">MAIN</subfield>
         <subfield code="k">0</subfield>
      </datafield>
   </record>