
  
  
  
  
  
  
  
  
 
  
  <record xsi:schemaLocation="http://www.loc.gov/MARC21/slim http://www.loc.gov/standards/marcxml/schema/MARC21slim.xsd">
      <leader>00000cam a22     Ii 4500</leader>
      <controlfield tag="FMT">BK</controlfield>
      <controlfield tag="LDR">00000cam a22     Ii 4500</controlfield>
      <controlfield tag="001">005014347</controlfield>
      <controlfield tag="005">20170523141143.0</controlfield>
      <controlfield tag="008">170523s2013    nju    f b    001 0 eng d</controlfield>
      <datafield tag="020" ind1=" " ind2=" ">
         <subfield code="a">9781611434866</subfield>
         <subfield code="q">(hbk.)</subfield>
      </datafield>
      <datafield tag="020" ind1=" " ind2=" ">
         <subfield code="a">1611434866</subfield>
         <subfield code="q">(hbk.)</subfield>
      </datafield>
      <datafield tag="035" ind1=" " ind2=" ">
         <subfield code="a">(OCoLC)863994282</subfield>
         <subfield code="z">(OCoLC)809617126</subfield>
      </datafield>
      <datafield tag="040" ind1=" " ind2=" ">
         <subfield code="a">StDuBDS</subfield>
         <subfield code="b">eng</subfield>
         <subfield code="e">rda</subfield>
         <subfield code="c">CDX</subfield>
         <subfield code="d">CDX</subfield>
         <subfield code="d">OCLCO</subfield>
         <subfield code="d">OCLCQ</subfield>
         <subfield code="d">BTCTA</subfield>
         <subfield code="d">YDXCP</subfield>
         <subfield code="d">OCLCO</subfield>
         <subfield code="d">OCLCF</subfield>
         <subfield code="d">CWR</subfield>
         <subfield code="d">OCLCQ</subfield>
         <subfield code="d">ZCU</subfield>
         <subfield code="d">OCL</subfield>
         <subfield code="d">ZYU</subfield>
      </datafield>
      <datafield tag="050" ind1=" " ind2="4">
         <subfield code="a">BT736.2</subfield>
         <subfield code="b">.I57 2013</subfield>
      </datafield>
      <datafield tag="072" ind1=" " ind2="7">
         <subfield code="a">REL</subfield>
         <subfield code="2">ukslc</subfield>
      </datafield>
      <datafield tag="079" ind1=" " ind2=" ">
         <subfield code="a">(OCoLC)863994282</subfield>
      </datafield>
      <datafield tag="082" ind1="0" ind2="4">
         <subfield code="a">261.87309015</subfield>
         <subfield code="2">23</subfield>
      </datafield>
      <datafield tag="100" ind1="1" ind2=" ">
         <subfield code="a">Iosif, Despina,</subfield>
         <subfield code="e">author.</subfield>
      </datafield>
      <datafield tag="245" ind1="1" ind2="0">
         <subfield code="a">Early Christian attitudes to war, violence and military service /</subfield>
         <subfield code="c">Despina Iosif.</subfield>
      </datafield>
      <datafield tag="264" ind1=" " ind2="1">
         <subfield code="a">Piscataway, NJ, USA :</subfield>
         <subfield code="b">Gorgias Press,</subfield>
         <subfield code="c">2013.</subfield>
      </datafield>
      <datafield tag="300" ind1=" " ind2=" ">
         <subfield code="a">ix, 392 pages ;</subfield>
         <subfield code="c">24 cm.</subfield>
      </datafield>
      <datafield tag="336" ind1=" " ind2=" ">
         <subfield code="a">text</subfield>
         <subfield code="b">txt</subfield>
         <subfield code="2">rdacontent</subfield>
      </datafield>
      <datafield tag="337" ind1=" " ind2=" ">
         <subfield code="a">unmediated</subfield>
         <subfield code="b">n</subfield>
         <subfield code="2">rdamedia</subfield>
      </datafield>
      <datafield tag="338" ind1=" " ind2=" ">
         <subfield code="a">volume</subfield>
         <subfield code="b">nc</subfield>
         <subfield code="2">rdacarrier</subfield>
      </datafield>
      <datafield tag="490" ind1="1" ind2=" ">
         <subfield code="a">Gorgias studies in classical and late antiquity ;</subfield>
         <subfield code="v">1</subfield>
      </datafield>
      <datafield tag="504" ind1=" " ind2=" ">
         <subfield code="a">Includes bibliographical references and index.</subfield>
      </datafield>
      <datafield tag="520" ind1="8" ind2=" ">
         <subfield code="a">The traditional view is that early Christians, prior to emperor Constantine's conversion to Christianity, were pacifists who stubbornly refused to enlist in the Roman army and engage in warfare, preferring to die rather than betray their beliefs. However, a plethora of literary and archaeological evidence demonstrates that was not usually the case. The majority of early Christians did not find military service or warfare particularly problematic. Christians integrated with the dominant mores of society and that included military service. It is, in fact, possible that Christianity was particularly attractive to those in military service. This study looks to reposition early Christian ethics and the attitude towards war and to bring new understanding to the relationship between military service and Christianity.</subfield>
      </datafield>
      <datafield tag="505" ind1="0" ind2=" ">
         <subfield code="a">Introduction -- Jesus and the Evangelists or Love your enemies -- Positive sources -- The silent sources. From him come the kings and the rulers and the governors -- Dilemmas for those who strive for perfection or To serve or not to serve? or Break off the ties that bind and entangle you in this world -- Negative sources -- Councils or Those who throw away their arms in times of peace should be kept from communion.</subfield>
      </datafield>
      <datafield tag="650" ind1=" " ind2="0">
         <subfield code="a">War</subfield>
         <subfield code="x">Religious aspects</subfield>
         <subfield code="x">Christianity</subfield>
         <subfield code="x">History.</subfield>
      </datafield>
      <datafield tag="650" ind1=" " ind2="0">
         <subfield code="a">Violence</subfield>
         <subfield code="x">Religious aspects</subfield>
         <subfield code="x">Christianity.</subfield>
      </datafield>
      <datafield tag="650" ind1=" " ind2="0">
         <subfield code="a">Soldiers</subfield>
         <subfield code="x">Religious life</subfield>
         <subfield code="x">History.</subfield>
      </datafield>
      <datafield tag="650" ind1=" " ind2="0">
         <subfield code="a">Church history</subfield>
         <subfield code="y">Primitive and early church, ca. 30-600.</subfield>
      </datafield>
      <datafield tag="650" ind1=" " ind2="7">
         <subfield code="a">Church history</subfield>
         <subfield code="x">Primitive and early church.</subfield>
         <subfield code="2">fast</subfield>
         <subfield code="0">(OCoLC)fst01710945</subfield>
      </datafield>
      <datafield tag="650" ind1=" " ind2="7">
         <subfield code="a">Soldiers</subfield>
         <subfield code="x">Religious life.</subfield>
         <subfield code="2">fast</subfield>
         <subfield code="0">(OCoLC)fst01125300</subfield>
      </datafield>
      <datafield tag="650" ind1=" " ind2="7">
         <subfield code="a">Violence</subfield>
         <subfield code="x">Religious aspects</subfield>
         <subfield code="x">Christianity.</subfield>
         <subfield code="2">fast</subfield>
         <subfield code="0">(OCoLC)fst01167252</subfield>
      </datafield>
      <datafield tag="650" ind1=" " ind2="7">
         <subfield code="a">War</subfield>
         <subfield code="x">Religious aspects</subfield>
         <subfield code="x">Christianity.</subfield>
         <subfield code="2">fast</subfield>
         <subfield code="0">(OCoLC)fst01170382</subfield>
      </datafield>
      <datafield tag="650" ind1=" " ind2="7">
         <subfield code="a">Religion.</subfield>
         <subfield code="2">ukslc</subfield>
      </datafield>
      <datafield tag="648" ind1=" " ind2="7">
         <subfield code="a">30-600.</subfield>
         <subfield code="2">fast</subfield>
      </datafield>
      <datafield tag="655" ind1=" " ind2="7">
         <subfield code="a">History.</subfield>
         <subfield code="2">fast</subfield>
         <subfield code="0">(OCoLC)fst01411628</subfield>
      </datafield>
      <datafield tag="830" ind1=" " ind2="0">
         <subfield code="a">Gorgias studies in classical and late antiquity ;</subfield>
         <subfield code="v">1.</subfield>
      </datafield>
      <datafield tag="OWN" ind1=" " ind2=" ">
         <subfield code="a">GENERAL</subfield>
      </datafield>
      <datafield tag="AVA" ind1=" " ind2=" ">
         <subfield code="a">NYU50</subfield>
         <subfield code="b">NISAW</subfield>
         <subfield code="c">Small Collection</subfield>
         <subfield code="d">BT736.2 .I57 2013 Non-circulating</subfield>
         <subfield code="e">available</subfield>
         <subfield code="t">Available</subfield>
         <subfield code="f">1</subfield>
         <subfield code="g">0</subfield>
         <subfield code="h">N</subfield>
         <subfield code="i">0</subfield>
         <subfield code="j">SMALL</subfield>
         <subfield code="k">0</subfield>
      </datafield>
      <marc:datafield tag="852" ind1=" " ind2=" ">
         <marc:subfield code="b">Institute for the Study of the Ancient World, </marc:subfield>
         <marc:subfield code="c">Small Collection</marc:subfield>
         <marc:subfield code="e">15 East 84th St., </marc:subfield>
         <marc:subfield code="e">New York, NY  10028</marc:subfield>
      </marc:datafield>
   </record>