
  
  
  
  
  
  
  
 
  
  <record xsi:schemaLocation="http://www.loc.gov/MARC21/slim http://www.loc.gov/standards/marcxml/schema/MARC21slim.xsd">
      <leader>00000cam a2200481 a 4500</leader>
      <controlfield tag="FMT">BK</controlfield>
      <controlfield tag="LDR">00000cam a2200481 a 4500</controlfield>
      <controlfield tag="001">005014369</controlfield>
      <controlfield tag="003">OCoLC</controlfield>
      <controlfield tag="005">20170731132805.0</controlfield>
      <controlfield tag="008">130830s2010    tu abe   b    100 0 tur d</controlfield>
      <datafield tag="010" ind1=" " ind2=" ">
         <subfield code="a">2012341527</subfield>
      </datafield>
      <datafield tag="020" ind1=" " ind2=" ">
         <subfield code="a">9786053637646</subfield>
      </datafield>
      <datafield tag="020" ind1=" " ind2=" ">
         <subfield code="a">6053637645</subfield>
      </datafield>
      <datafield tag="035" ind1=" " ind2=" ">
         <subfield code="a">(OCoLC)867532031</subfield>
      </datafield>
      <datafield tag="040" ind1=" " ind2=" ">
         <subfield code="a">IL4J6</subfield>
         <subfield code="b">eng</subfield>
         <subfield code="c">DLC</subfield>
         <subfield code="d">IL4J6</subfield>
         <subfield code="d">OCLCO</subfield>
         <subfield code="d">OCLCF</subfield>
         <subfield code="d">OCL</subfield>
         <subfield code="d">OCLCQ</subfield>
         <subfield code="d">ZYU</subfield>
      </datafield>
      <datafield tag="041" ind1="0" ind2=" ">
         <subfield code="a">tur</subfield>
         <subfield code="a">eng</subfield>
         <subfield code="a">ger</subfield>
         <subfield code="a">fre</subfield>
      </datafield>
      <datafield tag="042" ind1=" " ind2=" ">
         <subfield code="a">lccopycat</subfield>
         <subfield code="a">lcode</subfield>
      </datafield>
      <datafield tag="043" ind1=" " ind2=" ">
         <subfield code="a">a-tu---</subfield>
      </datafield>
      <datafield tag="050" ind1="0" ind2="0">
         <subfield code="a">DS66</subfield>
         <subfield code="b">.I57 2008</subfield>
      </datafield>
      <datafield tag="079" ind1=" " ind2=" ">
         <subfield code="a">(OCoLC)867532031</subfield>
      </datafield>
      <datafield tag="111" ind1="2" ind2=" ">
         <subfield code="a">International Congress on Hittitology</subfield>
         <subfield code="n">(7th :</subfield>
         <subfield code="d">2008 :</subfield>
         <subfield code="c">Çorum, Turkey)</subfield>
      </datafield>
      <datafield tag="245" ind1="1" ind2="0">
         <subfield code="a">VII. Uluslararasi Hititoloji Kongresi bildirileri :</subfield>
         <subfield code="b">Çorum 25-31 Ağustos 2008 = Acts of the VIIth International Congress of Hittitology, Çorum, August 25-31, 2008 /</subfield>
         <subfield code="c">yayına hazırlayan, Aygül Süel.</subfield>
      </datafield>
      <datafield tag="246" ind1="3" ind2=" ">
         <subfield code="a">7. Uluslararasi Hititoloji Kongresi bildirileri</subfield>
      </datafield>
      <datafield tag="246" ind1="3" ind2=" ">
         <subfield code="a">Yedinci Uluslararasi Hititoloji Kongresi bildirileri</subfield>
      </datafield>
      <datafield tag="246" ind1="3" ind2="1">
         <subfield code="a">Acts of the VIIth International Congress of Hittitology, Çorum, August 25-31, 2008</subfield>
      </datafield>
      <datafield tag="260" ind1=" " ind2=" ">
         <subfield code="a">Ankara :</subfield>
         <subfield code="b">[publisher not identified],</subfield>
         <subfield code="c">2010.</subfield>
      </datafield>
      <datafield tag="300" ind1=" " ind2=" ">
         <subfield code="a">2 volumes (1046 pages) :</subfield>
         <subfield code="b">illustrations (some color), maps, plans ;</subfield>
         <subfield code="c">25 cm</subfield>
      </datafield>
      <datafield tag="336" ind1=" " ind2=" ">
         <subfield code="a">text</subfield>
         <subfield code="b">txt</subfield>
         <subfield code="2">rdacontent</subfield>
      </datafield>
      <datafield tag="337" ind1=" " ind2=" ">
         <subfield code="a">unmediated</subfield>
         <subfield code="b">n</subfield>
         <subfield code="2">rdamedia</subfield>
      </datafield>
      <datafield tag="338" ind1=" " ind2=" ">
         <subfield code="a">volume</subfield>
         <subfield code="b">nc</subfield>
         <subfield code="2">rdacarrier</subfield>
      </datafield>
      <datafield tag="546" ind1=" " ind2=" ">
         <subfield code="a">Contributions in English, Turkish, German, and one in French.</subfield>
      </datafield>
      <datafield tag="504" ind1=" " ind2=" ">
         <subfield code="a">Includes bibliographical references.</subfield>
      </datafield>
      <datafield tag="505" ind1="0" ind2="0">
         <subfield code="g">I. Cilt.</subfield>
         <subfield code="t">The Kirşehir Letter : A New Hieroglyphic Luwian Text On A Lead Strip /</subfield>
         <subfield code="r">Rukiye Akdoğan, J. David Hawkins --</subfield>
         <subfield code="t">Ortaköy-Şapinuva Ağilönü Sediman Örnekleri Arkeometrik Çalısmaları /</subfield>
         <subfield code="r">Ali Akın Akyol [and 3 others] --</subfield>
         <subfield code="t">Das Land Hakmiš : Geschichte, Lokalisation Und Politische Bedeutung Einer Hethitischen Metropole /</subfield>
         <subfield code="r">Metin Alparslan --</subfield>
         <subfield code="t">Two New Hittite Documents From Northern Syria /</subfield>
         <subfield code="r">Alfonso Archi --</subfield>
         <subfield code="t">Gaziantep Müzesi Yapı Adak Çivileri /</subfield>
         <subfield code="r">Sengül Aydıngün --</subfield>
         <subfield code="t">Ortaköy/Şapinuva Ağılönü Mevkii'nde Ele Geçen Pencereli Kap /</subfield>
         <subfield code="r">Sedef Ayyıldız, Mustafa Süel --</subfield>
         <subfield code="t">Madam Chantre'in 1893-1894 Kapadokya Gezi Notları ve Ernest Chantre'in Alacahöyük, Boğazköy ile Kültepe'de ilk Kazıları /</subfield>
         <subfield code="r">Nezih Başgelen --</subfield>
         <subfield code="t">Mesopotamian Forerunners to the "Babilili Ritual" From Boğazköy? /</subfield>
         <subfield code="r">Gary Beckman --</subfield>
         <subfield code="t">Some Questions Raised By Early Proto-Indo-European /</subfield>
         <subfield code="r">Jacqueline Boley --</subfield>
      </datafield>
      <datafield tag="505" ind1="8" ind2="0">
         <subfield code="t">Hititler Örneğinde Levirat Olgusuna Sosyal Antropolojik Yaklaşım /</subfield>
         <subfield code="r">Tülin Bozkurt --</subfield>
         <subfield code="t">The Religious Traditions of the "Zalpa Kingdom" : New Edition of CTH 733 and Related Documents /</subfield>
         <subfield code="r">Carlo Corti --</subfield>
         <subfield code="t">Zur Lage Von Nerik /</subfield>
         <subfield code="r">Rainer Maria Czichon --</subfield>
         <subfield code="t">Vergleich der Mykenischen und Hethitischen Befestigungsanlagen Mit Ruckschlussen Auf Gesellschaftspolitische Und Verteidigungstechnische Hintergründe /</subfield>
         <subfield code="r">Otto Dallansky --</subfield>
         <subfield code="t">Zur Anatolischen Morphosyntax : Das Suffin -(a)nt- Und Selne Bildungen /</subfield>
         <subfield code="r">Paola Dardano --</subfield>
         <subfield code="t">Archaeological Investigations At Yassı-Hüyük (Yozgat) : The Site of Yassı-Hüyük Within the Overall Picture of Hittite Geography /</subfield>
         <subfield code="r">Stefano De Martino, Frederick Mario Fales, Simonetta Ponchia --</subfield>
         <subfield code="t">Hitit Uygarliğının Turizm Açısından Değerlendirilmesi : Alacahöyük, Boğazkale Ve Ortaköy Örneği /</subfield>
         <subfield code="r">A. Özdal Değirmencioğlu --</subfield>
         <subfield code="t">Yabancılaşmaya Karşi Hitit Hukuku /</subfield>
         <subfield code="r">Erdal Doğan --</subfield>
      </datafield>
      <datafield tag="505" ind1="8" ind2="0">
         <subfield code="t">Amasya ilinde Yeni Araştırmalar: Oluz Höyük Ve Doğantepe Kazıları /</subfield>
         <subfield code="r">Şevket Dönmez, Celal Özdemir --</subfield>
         <subfield code="t">Hitit Müziği, Müzisyenler Ve Çalgıları /</subfield>
         <subfield code="r">Oğuz Elbaş --</subfield>
         <subfield code="t">Architectural Interaction Between Hittite And Mycenaean Cultures /</subfield>
         <subfield code="r">Ayşe F. Erol --</subfield>
         <subfield code="t">Uṣur-Ša-İštar Arşivinden (Kt. N/K) Šimat-Su'en'in Bir Mektubu /</subfield>
         <subfield code="r">Hakan Erol --</subfield>
         <subfield code="t">Anadolu Müzik Kültürü Birikiminin Dünya Müzik Tarihi İçin Anlamı : Hitit Kültüründe Kullanılan 'Çift Kişilik Lir' in Organolojik Yönden Analizi /</subfield>
         <subfield code="r">Lütfü Erol --</subfield>
         <subfield code="t">The Luwian adverbs zanta "Down" And *ānni "With, For, Against" /</subfield>
         <subfield code="r">Petra Goedegebuure --</subfield>
         <subfield code="t">A Scriptorium Of Mahhu(z)zi Magnus.Scriba In The Reign Of Tudhaliya IV /</subfield>
         <subfield code="r">Shai Gordin --</subfield>
         <subfield code="t">Bir Yeni Asurca Tablet Işiğinda Marqašti/Marqalti Yer Adı /</subfield>
         <subfield code="r">L. Gürkan Gökçek --</subfield>
         <subfield code="t">Kayseri'de Hitit İmparatorluk Çağına Ait Yeni Arkeolojik Keşifler /</subfield>
         <subfield code="r">A. Semih Güneri --</subfield>
      </datafield>
      <datafield tag="505" ind1="8" ind2="0">
         <subfield code="t">Hitit Müzik Kültüründe Lirler /</subfield>
         <subfield code="r">Zeynep Helvacı --</subfield>
         <subfield code="t">Methodological issues And Problems In Reconstructing "Hittite Religion(s)" /</subfield>
         <subfield code="r">Manfred Hutter --</subfield>
         <subfield code="t">The Kingdom Of Alašiya and the Kouris River Valley : A Project On An Unsolved Historical-Archaeological question /</subfield>
         <subfield code="r">Anna Margherita Jasink, Mauro G. Marino --</subfield>
         <subfield code="t">Good Death, Bad Death On The Hittite Attitude Towards Death /</subfield>
         <subfield code="r">Magdalena Kapeluś --</subfield>
         <subfield code="t">Kızıldag Anıtı ile Yazıtlarının 3 Boyutlu Fotogrametrik Modellenmesi ve Dökümantasyon Çalısmaları /</subfield>
         <subfield code="r">Güngör Karauğuz, Özşen Çorumluoğlu, Ibrahim Kalaycı --</subfield>
         <subfield code="t">Ortaköy-Şapinuva Kazısı'nda Ele Geçen Kol Biçimli Ritüel Kaplar /</subfield>
         <subfield code="r">Kurtuluş Kıymet, Mustafa Süel --</subfield>
         <subfield code="t">M.Ö. II. Binin ilk Çeyreğinde Anadolu'da Yaşanan İsyanlar ve İç Huzursuzluklar /</subfield>
         <subfield code="r">Remzi Kuzuoğlu --</subfield>
         <subfield code="t">From The Lukka Lands To Išuwa : A Comparative Analysis Of Analogous Problems /</subfield>
         <subfield code="r">Mauro G. Marino --</subfield>
         <subfield code="t">Six Rituals 'Edited' In The Manner Of Arusna /</subfield>
      </datafield>
      <datafield tag="505" ind1="8" ind2="0">
         <subfield code="r">Jared L. Miller.</subfield>
         <subfield code="g">II. Cilt.</subfield>
         <subfield code="t">Hittite Witchcraft /</subfield>
         <subfield code="r">Alice Mouton --</subfield>
         <subfield code="t">Tanriça İšhara /</subfield>
         <subfield code="r">Leyla Murat --</subfield>
         <subfield code="t">Hitit Uygarlığı Yerleşim Alanlarının Belirlenmesinde Yeni Bir Yaklaşım ; Çorum Örneği /</subfield>
         <subfield code="r">İ. Murat Ozulu, F. Engin Tombuş, Mustafa Coşar --</subfield>
         <subfield code="t">Hitit Uygarlığı Arkeolojik Alanlarındaki Bulgulara Yönelik Web Arayüzlü Veritabanı Uygulaması ; ArkeoVT /</subfield>
         <subfield code="r">İbrahim Murat Ozulu [and 3 others] --</subfield>
         <subfield code="t">Hitit Çağı Toprak-İnsan İlişkileri /</subfield>
         <subfield code="r">Koray Özcan, Güngör Karauğuz --</subfield>
         <subfield code="t">M.Ö. II. Binde Akşehir Yerleşmeleri /</subfield>
         <subfield code="r">Mehmet Özsait, Nesrin Özsait --</subfield>
         <subfield code="t">An Eastern Mediterranean Approach To Hatti-Ahhiyawa Relations /</subfield>
         <subfield code="r">Hasan Peker --</subfield>
         <subfield code="t">The Use Of Pleasure, Constraints Of Desire : Annmiyani's Ritual And Sexuality In Hittite Magical Ceremonies /</subfield>
         <subfield code="r">Ilan Peled --</subfield>
         <subfield code="t">Ortaköy/Šapinuva'dan Kizzuwatna Kökenli Ritüellerde Geçen Yeni Bazı "Kurban Terimleri" /</subfield>
         <subfield code="r">Esma Reyhan --</subfield>
         <subfield code="t">Das Zeichen &lt;sà&gt; im Hieroglyphen-Luwischen /</subfield>
      </datafield>
      <datafield tag="505" ind1="8" ind2="0">
         <subfield code="r">Elisabeth Rieken --</subfield>
         <subfield code="t">M.Ö. 16. Yüzyıl : Hitit Anadolusu'nda Bir Dönüm Noktası /</subfield>
         <subfield code="r">Andreas Schachner --</subfield>
         <subfield code="t">Bir Erginleme Töreni Olarak Haššumas Bayramı /</subfield>
         <subfield code="r">Fatma Sevinç Erbaşı --</subfield>
         <subfield code="t">Hitt. hi-ni-ik-ta and Related Matters /</subfield>
         <subfield code="r">A. Shatskov --</subfield>
         <subfield code="t">Syntax Of Lists in Middle Hittte /</subfield>
         <subfield code="r">Andrej V. Sideltsev --</subfield>
         <subfield code="t">Çorum'un Batısında Hitit'lere Ait Yeni Yerleşimler /</subfield>
         <subfield code="r">Tunç Sipahi --</subfield>
         <subfield code="t">Ortaköy Kazılarinda Bulunan Üçgen Malzemeler Ve Ritüel Dünya İle İlişkileri /</subfield>
         <subfield code="r">Özlem Sir Gavaz, Mustafa Süel --</subfield>
         <subfield code="t">To the Question Of The Northern Impulse In Hittite Complex /</subfield>
         <subfield code="r">L. A. Sokolova --</subfield>
         <subfield code="t">Hattuşa Milli Parkı Ve Dünya Mirası Alanının Korunmasında Bugünkü Durum, Sorunlar Ve Gelecek /</subfield>
         <subfield code="r">Mehmet Somuncu, Turgut Yiğit --</subfield>
         <subfield code="t">Eski Anadolu Toponomisi'nde Değişik Yorumlara Açık Bir Yapım Öğesi Hakkında : Hititçe -aš+ḫapa "--nehir(i)" ya da Hattice š(a)ḫap "tanrı" ? /</subfield>
         <subfield code="r">Oğuz Soysal --</subfield>
      </datafield>
      <datafield tag="505" ind1="8" ind2="0">
         <subfield code="t">Cihanpaşa : Ein Monumentales Ḫekur Vor Den Tören Von Ḫattuša /</subfield>
         <subfield code="r">Karl Strobel --</subfield>
         <subfield code="t">Orta Hitit Dönemi Belgelerinde Yer Alan Bazı Şahis İsimleri Ve Tarihleme İle İlgili Problemler Üzerine /</subfield>
         <subfield code="r">Aygül Süel --</subfield>
         <subfield code="t">Şapinuva Hitit Kenti, Ağilönü Kutsal Alanı /</subfield>
         <subfield code="r">Mustafa Süel --</subfield>
         <subfield code="t">Kayseri Arkeoloji Müzesi'ndeki Kültepe Tabletlerine Göre Yerli Halkın Ticari Faaliyetleri /</subfield>
         <subfield code="r">Hasan Ali Şahin --</subfield>
         <subfield code="t">Studying Hittite Religion : Selected Issues /</subfield>
         <subfield code="r">Piotr Taracha --</subfield>
         <subfield code="t">Hititler'de Lanet Ve Beddua Olgusu Üzerine Bir Çalışma /</subfield>
         <subfield code="r">İlknur Taş --</subfield>
         <subfield code="t">Zur Erforschung der Hethitisch-Kartwelischen Religiösen Parallelen /</subfield>
         <subfield code="r">Irene Tatišvili, Lewan Gordeziani --</subfield>
         <subfield code="t">Hitit Mutfak Kültürüne Deneysel Ve Etnoarkeolojik Bir Yaklaşım /</subfield>
         <subfield code="r">Ahmet Uhri, Ülkü M. Solak, Asuman Albayrak --</subfield>
         <subfield code="t">Der Aktüelle Stand Der Altanatolistik im Lichte Der Neuesten Forschungsergebnisse Einige Brennpunkte /</subfield>
         <subfield code="r">Ahmet Ünal --</subfield>
      </datafield>
      <datafield tag="505" ind1="8" ind2="0">
         <subfield code="t">Afyonkarahisar-Bayat'da Bir Orta Tunç Çağ Nekropolü : Dede Mezarı /</subfield>
         <subfield code="r">Mevlüt Üyümez, Özdemir Koçak, Ahmet İlaslı --</subfield>
         <subfield code="t">L'infinitif Hittite En -Wanzi : Essai De Mise Au Point /</subfield>
         <subfield code="r">Sylvie Vanséveren --</subfield>
         <subfield code="t">The Linear A Inscription on the Idol From Monte Morrone, Italy /</subfield>
         <subfield code="r">Fred C. Woudhuizen --</subfield>
         <subfield code="t">Pottery With Hatched Decoration At Soli Hoyuk In The Late Bronze Age /</subfield>
         <subfield code="r">Remzi Yağcı --</subfield>
         <subfield code="t">Çorum İli'ndeki Hitit Yerleşmelerinin Turizm Potansiyellerinin Değerlendirilmesi /</subfield>
         <subfield code="r">Mutlu Yilmaz, Hüseyin Serinci --</subfield>
         <subfield code="t">Hittite -ḫḫaḫat(i), Lycian -χagã And Greek -μην /</subfield>
         <subfield code="r">Kazuhiko Yoshida --</subfield>
         <subfield code="t">The Common Features of the Thoughts of Hittite Human Witness and Human Witness in Testament Of Hattusili I and Edict of Telipinu In Old Hittite Kingdom Period /</subfield>
         <subfield code="r">Li Zheng --</subfield>
         <subfield code="t">Über Die Gründe Für Die Verwendung Von Glossenkeilen im Hethitischen /</subfield>
         <subfield code="r">Marina Zorman.</subfield>
      </datafield>
      <datafield tag="650" ind1=" " ind2="0">
         <subfield code="a">Hittites</subfield>
         <subfield code="v">Congresses.</subfield>
      </datafield>
      <datafield tag="650" ind1=" " ind2="0">
         <subfield code="a">Hittite language</subfield>
         <subfield code="v">Congresses.</subfield>
      </datafield>
      <datafield tag="651" ind1=" " ind2="0">
         <subfield code="a">Turkey</subfield>
         <subfield code="x">Antiquities</subfield>
         <subfield code="v">Congresses.</subfield>
      </datafield>
      <datafield tag="650" ind1=" " ind2="7">
         <subfield code="a">Antiquities.</subfield>
         <subfield code="2">fast</subfield>
         <subfield code="0">(OCoLC)fst00810745</subfield>
      </datafield>
      <datafield tag="650" ind1=" " ind2="7">
         <subfield code="a">Hittite language.</subfield>
         <subfield code="2">fast</subfield>
         <subfield code="0">(OCoLC)fst00958398</subfield>
      </datafield>
      <datafield tag="650" ind1=" " ind2="7">
         <subfield code="a">Hittites.</subfield>
         <subfield code="2">fast</subfield>
         <subfield code="0">(OCoLC)fst00958415</subfield>
      </datafield>
      <datafield tag="651" ind1=" " ind2="7">
         <subfield code="a">Turkey.</subfield>
         <subfield code="2">fast</subfield>
         <subfield code="0">(OCoLC)fst01208963</subfield>
      </datafield>
      <datafield tag="655" ind1=" " ind2="7">
         <subfield code="a">Conference papers and proceedings.</subfield>
         <subfield code="2">fast</subfield>
         <subfield code="0">(OCoLC)fst01423772</subfield>
      </datafield>
      <datafield tag="700" ind1="1" ind2=" ">
         <subfield code="a">Süel, Aygül,</subfield>
         <subfield code="e">editor.</subfield>
      </datafield>
      <datafield tag="OWN" ind1=" " ind2=" ">
         <subfield code="a">GENERAL</subfield>
      </datafield>
      <datafield tag="AVA" ind1=" " ind2=" ">
         <subfield code="a">NYU50</subfield>
         <subfield code="b">NISAW</subfield>
         <subfield code="c">Small Collection</subfield>
         <subfield code="d">DS66 .I57 2008 Non-circulating</subfield>
         <subfield code="e">available</subfield>
         <subfield code="t">Available</subfield>
         <subfield code="f">2</subfield>
         <subfield code="g">0</subfield>
         <subfield code="h">Y</subfield>
         <subfield code="i">0</subfield>
         <subfield code="j">SMALL</subfield>
         <subfield code="k">0</subfield>
      </datafield>
      <marc:datafield tag="852" ind1=" " ind2=" ">
         <marc:subfield code="b">Institute for the Study of the Ancient World, </marc:subfield>
         <marc:subfield code="c">Small Collection</marc:subfield>
         <marc:subfield code="e">15 East 84th St., </marc:subfield>
         <marc:subfield code="e">New York, NY  10028</marc:subfield>
      </marc:datafield>
   </record>