
  
  
  
  
  
  
  
  
  
  
  
  
  
  
 
  
  <record xsi:schemaLocation="http://www.loc.gov/MARC21/slim http://www.loc.gov/standards/marcxml/schema/MARC21slim.xsd">
      <leader>00000cam a22      a 4500</leader>
      <controlfield tag="FMT">BK</controlfield>
      <controlfield tag="LDR">00000cam a22      a 4500</controlfield>
      <controlfield tag="001">005014405</controlfield>
      <controlfield tag="005">20170721105623.0</controlfield>
      <controlfield tag="008">170523s2008    it       b    100 0 eng</controlfield>
      <datafield tag="010" ind1=" " ind2=" ">
         <subfield code="a">  2009456162</subfield>
      </datafield>
      <datafield tag="020" ind1=" " ind2=" ">
         <subfield code="a">9788895672045</subfield>
      </datafield>
      <datafield tag="020" ind1=" " ind2=" ">
         <subfield code="a">8895672046</subfield>
      </datafield>
      <datafield tag="035" ind1=" " ind2=" ">
         <subfield code="a">(OCoLC)318632218</subfield>
      </datafield>
      <datafield tag="040" ind1=" " ind2=" ">
         <subfield code="a">DLC</subfield>
         <subfield code="b">eng</subfield>
         <subfield code="c">DLC</subfield>
         <subfield code="d">C3L</subfield>
         <subfield code="d">PAU</subfield>
         <subfield code="d">OHX</subfield>
         <subfield code="d">YDXCP</subfield>
         <subfield code="d">GEBAY</subfield>
         <subfield code="d">ZCU</subfield>
         <subfield code="d">DEBBG</subfield>
         <subfield code="d">GBVCP</subfield>
         <subfield code="d">OCLCF</subfield>
         <subfield code="d">ZYU</subfield>
      </datafield>
      <datafield tag="043" ind1=" " ind2=" ">
         <subfield code="a">e-gr---</subfield>
         <subfield code="a">e-it---</subfield>
         <subfield code="a">aw-----</subfield>
         <subfield code="a">ma-----</subfield>
      </datafield>
      <datafield tag="045" ind1=" " ind2=" ">
         <subfield code="a">d4i-</subfield>
      </datafield>
      <datafield tag="050" ind1="0" ind2="0">
         <subfield code="a">PA3003</subfield>
         <subfield code="b">.P37 2008</subfield>
      </datafield>
      <datafield tag="079" ind1=" " ind2=" ">
         <subfield code="a">(OCoLC)318632218</subfield>
      </datafield>
      <datafield tag="082" ind1="0" ind2="4">
         <subfield code="a">880</subfield>
         <subfield code="2">21</subfield>
      </datafield>
      <datafield tag="084" ind1=" " ind2=" ">
         <subfield code="a">6,12</subfield>
         <subfield code="2">ssgn</subfield>
      </datafield>
      <datafield tag="084" ind1=" " ind2=" ">
         <subfield code="a">EC 5111</subfield>
         <subfield code="2">rvk</subfield>
      </datafield>
      <datafield tag="084" ind1=" " ind2=" ">
         <subfield code="a">EL 7600</subfield>
         <subfield code="2">rvk</subfield>
      </datafield>
      <datafield tag="084" ind1=" " ind2=" ">
         <subfield code="a">15.26</subfield>
         <subfield code="2">bcl</subfield>
      </datafield>
      <datafield tag="084" ind1=" " ind2=" ">
         <subfield code="a">17.01</subfield>
         <subfield code="2">bcl</subfield>
      </datafield>
      <datafield tag="084" ind1=" " ind2=" ">
         <subfield code="a">18.00</subfield>
         <subfield code="2">bcl</subfield>
      </datafield>
      <datafield tag="084" ind1=" " ind2=" ">
         <subfield code="a">6,22</subfield>
         <subfield code="2">ssgn</subfield>
      </datafield>
      <datafield tag="084" ind1=" " ind2=" ">
         <subfield code="a">FB 1775</subfield>
         <subfield code="2">rvk</subfield>
      </datafield>
      <datafield tag="084" ind1=" " ind2=" ">
         <subfield code="a">FB 5701</subfield>
         <subfield code="2">rvk</subfield>
      </datafield>
      <datafield tag="245" ind1="0" ind2="0">
         <subfield code="a">Papers on ancient literatures :</subfield>
         <subfield code="b">Greece, Rome, and the Near East : proceedings of the "Advanced Seminar in the Humanities," Venice International University 2004-2005 /</subfield>
         <subfield code="c">edited by Ettore Cingano &amp; Lucio Milano.</subfield>
      </datafield>
      <datafield tag="260" ind1=" " ind2=" ">
         <subfield code="a">Padova :</subfield>
         <subfield code="b">S.A.R.G.O.N.,</subfield>
         <subfield code="c">2008.</subfield>
      </datafield>
      <datafield tag="300" ind1=" " ind2=" ">
         <subfield code="a">ii, 559 p. ;</subfield>
         <subfield code="c">30 cm.</subfield>
      </datafield>
      <datafield tag="336" ind1=" " ind2=" ">
         <subfield code="a">text</subfield>
         <subfield code="b">txt</subfield>
         <subfield code="2">rdacontent</subfield>
      </datafield>
      <datafield tag="337" ind1=" " ind2=" ">
         <subfield code="a">unmediated</subfield>
         <subfield code="b">n</subfield>
         <subfield code="2">rdamedia</subfield>
      </datafield>
      <datafield tag="338" ind1=" " ind2=" ">
         <subfield code="a">volume</subfield>
         <subfield code="b">nc</subfield>
         <subfield code="2">rdacarrier</subfield>
      </datafield>
      <datafield tag="490" ind1="1" ind2=" ">
         <subfield code="a">Quaderni del Dipartimento di scienze dell'antichità e del Vicino Oriente / Università Ca' Foscari Venezia ;</subfield>
         <subfield code="v">4</subfield>
      </datafield>
      <datafield tag="504" ind1=" " ind2=" ">
         <subfield code="a">Includes bibliographical references.</subfield>
      </datafield>
      <datafield tag="505" ind1="0" ind2="0">
         <subfield code="t">Some Remarks on the Origin and Orthography of the "Ptolemaic Hymns" P.Lit.Goodspeed 2 /</subfield>
         <subfield code="r">Silvia Barbantani --</subfield>
         <subfield code="t">Momos Advises Zeus : Changing Representations of "Cypria" Fragment 1 /</subfield>
         <subfield code="r">Elton T. E. Barker --</subfield>
         <subfield code="t">Ancient Dream-Books as Mirrors of Worlds /</subfield>
         <subfield code="r">Jovan Bilbija --</subfield>
         <subfield code="t">Early Greek Explorations Across the Mediterranean and the Semantics of Nostos in Homer /</subfield>
         <subfield code="r">Anna Bonifazi --</subfield>
         <subfield code="t">Nimbus : Vergil, Lucretius, Sophocles and a New History of the Latin Language (Georg. 1.328–29, Lucr. 6.253–55 and Soph. frg. 538 Radt) /</subfield>
         <subfield code="r">Luca Cadili --</subfield>
         <subfield code="t">Universality or Priority? The Rhetoric of Death in the Gilgamesh Poems and the Iliad /</subfield>
         <subfield code="r">Joel Christensen --</subfield>
         <subfield code="t">ΑΛΩΦΗΤΟΣ ΕΡΩΣ : Anatomy of a Late Greek Poem /</subfield>
         <subfield code="r">Claudio de Stefani --</subfield>
         <subfield code="t">Tragedy and Epigram /</subfield>
         <subfield code="r">Martin Dinter --</subfield>
         <subfield code="t">The Palingenesis of Empedocles' Calliope in Lucretius /</subfield>
         <subfield code="r">Myrto Garani --</subfield>
         <subfield code="t">Were There Cannibals in Syria? History and Fiction in an Old Hittite Literary Text /</subfield>
         <subfield code="r">Amir Gilan --</subfield>
         <subfield code="t">Horace, the Carmen Saeculare and Callimachus /</subfield>
         <subfield code="r">Erik Hamer --</subfield>
         <subfield code="t">Lucan's Song of the Earth /</subfield>
         <subfield code="r">Philip Hardie --</subfield>
         <subfield code="t">Caesar and Caesarian Section: the Poetics of Medicine and Childbirth in Ovid's Metamorphoses /</subfield>
         <subfield code="r">Julia Nelson Hawkins --</subfield>
         <subfield code="t">Orphic Mediations between Greek and Foreign Religion /</subfield>
         <subfield code="r">Miguel Herrero de Jáuregui --</subfield>
         <subfield code="t">Some Preliminary Remarks on the Persona in Hellenistic Epigram and Iambos /</subfield>
         <subfield code="r">Donald E. Lavigne --</subfield>
         <subfield code="t">Scribes and Singers of Emesal Lamentations in Ancient Mesopotamia in the Second Millennium BCE /</subfield>
         <subfield code="r">Anne Löhnert --</subfield>
         <subfield code="t">Horace's Iambic and Satiric Poetry within the Framework of the Ancient Greek Tradition /</subfield>
         <subfield code="r">Anna Novokhatko --</subfield>
         <subfield code="t">Lycia: Crossroads of Hittite and Greek Traditions? /</subfield>
         <subfield code="r">Annick Payne --</subfield>
         <subfield code="t">Time and Mortality : Creation Narratives in Ancient Israel and Mesopotamia /</subfield>
         <subfield code="r">Jack M. Sasson --</subfield>
         <subfield code="t">Clipeos an Armillas? Ambiguity in the Riddling of Tarpeia /</subfield>
         <subfield code="r">William Michael Short --</subfield>
      </datafield>
      <datafield tag="505" ind1="8" ind2="0">
         <subfield code="t">Narrative Hymns across the Levant /</subfield>
         <subfield code="r">Rachel Stroumsa --</subfield>
         <subfield code="t">Non Sum Qualis Eram : Reﬂections on Horace's Poetic Persona in Odes 4 /</subfield>
         <subfield code="r">Marie Louise von Glinski.</subfield>
      </datafield>
      <datafield tag="650" ind1=" " ind2="0">
         <subfield code="a">Classical literature</subfield>
         <subfield code="x">History and criticism</subfield>
         <subfield code="v">Congresses.</subfield>
      </datafield>
      <datafield tag="650" ind1=" " ind2="0">
         <subfield code="a">Middle Eastern literature</subfield>
         <subfield code="x">History and criticism</subfield>
         <subfield code="v">Congresses.</subfield>
      </datafield>
      <datafield tag="650" ind1=" " ind2="7">
         <subfield code="a">Classical literature.</subfield>
         <subfield code="2">fast</subfield>
         <subfield code="0">(OCoLC)fst00863509</subfield>
      </datafield>
      <datafield tag="650" ind1=" " ind2="7">
         <subfield code="a">Middle Eastern literature.</subfield>
         <subfield code="2">fast</subfield>
         <subfield code="0">(OCoLC)fst01020340</subfield>
      </datafield>
      <datafield tag="650" ind1="0" ind2="7">
         <subfield code="a">Altertum.</subfield>
         <subfield code="0">(DE-588)4001480-0</subfield>
         <subfield code="2">gnd</subfield>
      </datafield>
      <datafield tag="650" ind1="0" ind2="7">
         <subfield code="a">Altorientalische Sprachen.</subfield>
         <subfield code="0">(DE-588)4500985-5</subfield>
         <subfield code="2">gnd</subfield>
      </datafield>
      <datafield tag="650" ind1="0" ind2="7">
         <subfield code="a">Griechisch.</subfield>
         <subfield code="0">(DE-588)4113791-7</subfield>
         <subfield code="2">gnd</subfield>
      </datafield>
      <datafield tag="650" ind1="0" ind2="7">
         <subfield code="a">Latein.</subfield>
         <subfield code="0">(DE-588)4114364-4</subfield>
         <subfield code="2">gnd</subfield>
      </datafield>
      <datafield tag="650" ind1="0" ind2="7">
         <subfield code="a">Literatur.</subfield>
         <subfield code="0">(DE-588)4035964-5</subfield>
         <subfield code="2">gnd</subfield>
      </datafield>
      <datafield tag="653" ind1=" " ind2="0">
         <subfield code="a">Classical literature</subfield>
         <subfield code="a">History and criticism</subfield>
         <subfield code="a">Congresses.</subfield>
      </datafield>
      <datafield tag="653" ind1=" " ind2="0">
         <subfield code="a">Middle Eastern literature</subfield>
         <subfield code="a">History and criticism</subfield>
         <subfield code="a">Congresses.</subfield>
      </datafield>
      <datafield tag="655" ind1=" " ind2="7">
         <subfield code="a">Conference papers and proceedings.</subfield>
         <subfield code="2">fast</subfield>
         <subfield code="0">(OCoLC)fst01423772</subfield>
      </datafield>
      <datafield tag="655" ind1=" " ind2="7">
         <subfield code="a">Criticism, interpretation, etc.</subfield>
         <subfield code="2">fast</subfield>
         <subfield code="0">(OCoLC)fst01411635</subfield>
      </datafield>
      <datafield tag="700" ind1="1" ind2=" ">
         <subfield code="a">Cingano, Ettore.</subfield>
      </datafield>
      <datafield tag="700" ind1="1" ind2=" ">
         <subfield code="a">Milano, Lucio.</subfield>
      </datafield>
      <datafield tag="830" ind1=" " ind2="0">
         <subfield code="a">Quaderni del Dipartimento di scienze dell'antichità e del Vicino oriente ;</subfield>
         <subfield code="v">4.</subfield>
      </datafield>
      <datafield tag="856" ind1="4" ind2="1">
         <subfield code="3">Table of contents</subfield>
         <subfield code="u">http://bvbr.bib-bvb.de:8991/F?func=service&amp;doc_library=BVB01&amp;doc_number=017689369&amp;line_number=0001&amp;func_code=DB_RECORDS&amp;service_type=MEDIA</subfield>
      </datafield>
      <datafield tag="856" ind1="4" ind2="1">
         <subfield code="3">Table of contents</subfield>
         <subfield code="u">http://bvbr.bib-bvb.de:8991/F?func=service&amp;doc_library=BVB01&amp;local_base=BVB01&amp;doc_number=017689369&amp;line_number=0001&amp;func_code=DB_RECORDS&amp;service_type=MEDIA</subfield>
      </datafield>
      <datafield tag="856" ind1="4" ind2="2">
         <subfield code="3">TOC</subfield>
         <subfield code="u">http://www.ilibri.casalini.it/toc/09926542.pdf</subfield>
      </datafield>
      <datafield tag="OWN" ind1=" " ind2=" ">
         <subfield code="a">GENERAL</subfield>
      </datafield>
      <datafield tag="AVA" ind1=" " ind2=" ">
         <subfield code="a">NYU50</subfield>
         <subfield code="b">NISAW</subfield>
         <subfield code="c">Large Collection</subfield>
         <subfield code="d">PA3003 .P37 2008 Non-circulating</subfield>
         <subfield code="e">available</subfield>
         <subfield code="t">Available</subfield>
         <subfield code="f">1</subfield>
         <subfield code="g">0</subfield>
         <subfield code="h">N</subfield>
         <subfield code="i">0</subfield>
         <subfield code="j">LARGE</subfield>
         <subfield code="k">0</subfield>
      </datafield>
      <marc:datafield tag="852" ind1=" " ind2=" ">
         <marc:subfield code="b">Institute for the Study of the Ancient World, </marc:subfield>
         <marc:subfield code="c">Large Collection</marc:subfield>
         <marc:subfield code="e">15 East 84th St., </marc:subfield>
         <marc:subfield code="e">New York, NY  10028</marc:subfield>
      </marc:datafield>
   </record>